1757 3016
95 166 125 214 1,
143 165 176 215 l,
188 165 354 207 36—43
721 171 928 212 PERSA.
1491 176 1540 217 11

686 292 949 334 Toxums.

92 355 253 398 Faicere
282 359 459 399 amicum
492 358 561 400 tibi
593 374 659 400 me
689 364 799 413 potis
830 376 877 403 es
907 363 1219 418 se'mpiternum.

630 434 995 477 SAGARISTIO.

999 507 1136 558 Quem
1171 507 1224 549 aid
1256 510 1455 554 modum?
1485 510 1541 552 35

671 582 706 620 'l'
725 593 748 621 ο
766 596 793 622 x
810 596 824 622 1
839 595 864 623 L
881 595 912 623 v
928 595 961 623 s.

90 640 162 690 'Vt
180 651 275 690 mihi
292 650 366 690 des
381 651 572 691 nummds
588 660 827 705 sescentos,
844 653 950 707 quds
966 668 1042 707 pro
1059 656 1195 708 capite
1211 654 1322 696 illius
1336 656 1538 709 pendam:

92 721 212 771 Quds
243 722 436 763 continuo
467 721 537 762 tibi
569 737 765 776 reponam
798 725 877 765 hoc
909 723 1045 766 triduo
1076 733 1149 767 aut
1180 725 1423 780 quadriduo.

199 795 296 845 Age
325 792 356 834 fi
385 795 614 848 benignust
645 794 837 836 subueni.

625 878 1003 919 SAGAms'x-m.

90 947 182 997 Qua
212 946 462 990 ednfidentifi
491 962 641 1002 rogare
671 949 892 1003 arge'ntum
926 964 993 991 me
1023 956 1183 992 tantum
1216 950 1363 1006 addes,

87 1010 355 1071 'impudens‘3
393 1022 486 1073 quin
524 1022 560 1060 si
588 1020 759 1075 e'gomet
789 1028 903 1062 totus
934 1021 1138 1077 utineam,
1168 1024 1240 1063 uix
1270 1023 1400 1078 re'cipi
1427 1028 1541 1078 potis

965 1100 1046 1147 est,
1486 1097 1542 1137 40

88 1163 212 1213 Qudd
240 1170 280 1203 tu
307 1177 371 1204 me
395 1162 539 1217 rogas:
573 1178 665 1205 uam
693 1171 735 1205 tu
759 1178 905 1218 aquam
932 1178 955 1205 a
980 1163 1141 1218 pumice
1162 1167 1307 1207 hercle
1332 1165 1539 1220 p6stuias,

88 1235 168 1285 Qui
200 1233 319 1288 ipsus
353 1237 477 1275 sitiat.

85 1449 173 1478 ergo
199 1440 264 1475 R.
290 1442 368 1481 quid
396 1450 488 1473 nunc
514 1442 567 1473 uis
589 1450 679 1483 ergo
707 1441 798 1473 libri
934 1443 992 1472 35.
1017 1442 1153 1473 Facere
1178 1439 1327 1471 amicum
1354 1438 1541 1471 Camera-

84 1501 188 1532 rius:
223 1510 345 1532 vacuo
377 1502 505 1541 spatio
530 1502 744 1542 praemisso
770 1510 847 1533 cum
872 1500 990 1541 Bc,
1015 1500 1096 1532 sine
1119 1500 1247 1541 spatio
1273 1498 1360 1531 Cum
1384 1496 1540 1533 ΒΕΖ.

84 1561 293 1593 Praeferat
317 1563 452 1593 Facere
485 1572 537 1593 me
572 1563 662 1602 potis
694 1571 729 1593 es
762 1562 867 1602 Pius,
892 1563 943 1593 Tu
972 1561 1033 1593 tibi
1058 1570 1109 1593 me
1135 1562 1256 1593 facere
1281 1559 1376 1600 potis
1401 1569 1438 1591 es
1463 1560 1542 1599 Py-

85 1622 193 1653 lades
326 1624 384 1653 36.
414 1623 490 1653 mihi
517 1623 603 1654 deus
624 1622 689 1656 B.
717 1623 777 1654 des
799 1623 879 1654 mihi
902 1622 1042 1664 reliqui
1178 1620 1366 1652 sexcentos
1386 1618 1435 1653 F

187 1683 245 1713 37.
271 1683 334 1712 hoc
360 1682 536 1720 Guyetus.
566 1683 598 1714 in
626 1684 692 1715 hoc
717 1682 819 1714 libri.
845 1682 933 1714 Nisi
958 1682 990 1713 in
1017 1682 1137 1713 triduo
1163 1684 1226 1712 aut
1249 1679 1448 1721 quadriduo
1473 1680 1541 1711 hoc

85 1751 171 1774 cum
202 1743 450 1774 Lac-lemanno
476 1745 597 1774 males
795 1743 992 1783 quadriduo
1017 1741 1082 1775 D.
1110 1742 1298 1782 quatriduo
1326 1741 1478 1783 reliqui,
1506 1741 1541 1772 et

85 1803 173 1835 hinc
197 1805 419 1843 excerptum
445 1804 567 1835 Gloss.
593 1804 722 1835 Plaut.
858 1805 917 1835 38.
943 1804 965 1835 fi
990 1803 1042 1837 Β
1067 1802 1166 1843 (uno
1192 1811 1305 1835 versu
1331 1801 1429 1844 Quos
1450 1809 1542 1834 con-

85 1864 186 1895 tinuo
211 1887 218 1894 .
247 1887 253 1894 .
279 1886 288 1895 .
315 1864 461 1895 subueni
487 1864 755 1905 concludens).
781 1863 837 1895 sed
865 1863 967 1896 CD.
993 1863 1040 1894 fis
1059 1862 1152 1896 Fz
1318 1861 1461 1893 39—42
1484 1860 1542 1892 sic

84 1924 290 1964 dispositos
315 1924 377 1957 B.
405 1925 507 1963 Quos
533 1925 776 1956 Hermamms
799 1924 837 1955 in
862 1923 979 1955 Ialcni
1003 1923 1143 1955 Annal.
1159 1922 1253 1963 phil.
1270 1930 1354 1953 nov.
1369 1922 1394 1953 t.
1411 1929 1539 1960 XXXV,

83 1993 124 2024 71.
141 1983 215 2015 193
240 1985 275 2015 et
300 1983 375 2015 194
400 1984 455 2015 ita
481 1984 698 2024 descripsit,
722 1985 765 2016 ut
788 1984 977 2016 rationem
1005 1985 1155 2015 nnllam
1181 1982 1334 2014 liaberet
1357 1981 1541 2021 impudens

83 2045 284 2077 vocabuli:

261 2104 342 2146 Qua
367 2105 578 2139 confidenti&⁴
602 2116 731 2149 rogare
756 2103 945 2148 argentum
972 2108 1106 2138 tantum
1132 2113 1154 2135 a
1179 2113 1232 2135 me
1256 2099 1391 2136 audes?

261 2167 353 2208 Quin
378 2168 407 2198 si
431 2165 570 2209 egomet
595 2172 690 2200 totus
717 2166 876 2209 uizneam,
902 2168 963 2199 uix
987 2164 1095 2207 recipi
1121 2165 1244 2207 possit,
1272 2163 1362 2206 qudd
1390 2168 1425 2197 tu

260 2227 401 2268 Rogas:
428 2238 505 2260 nam
532 2232 567 2260 tu
593 2238 718 2269 aquam
744 2239 765 2261 a
789 2225 922 2269 pumice
947 2236 1038 2259 nunc
1061 2225 1191 2267 pbscis,
1215 2227 1273 2267 qui
1297 2227 1397 2266 ipsus
1420 2224 1540 2258 sitiat:

85 2287 236 2319 intacta
261 2288 482 2331 relinquens
505 2290 702 2330 proxima.
730 2290 801 2322 Cui
827 2289 1081 2330 descriptioni
1096 2288 1221 2321 nescio
1242 2297 1292 2320 an
1311 2289 1404 2321 haec
1420 2297 1543 2329 prae-

83 2348 226 2380 sutura
250 2349 323 2380 sit:

263 2410 343 2452 Qua
368 2409 581 2442 cbnfidentizi
606 2420 739 2452 rogare
764 2409 817 2443 me
842 2413 978 2442 tantum
1004 2411 1124 2451 audes,
1150 2405 1362 2450 impudens?

261 2470 354 2512 Quin
379 2470 409 2500 si
434 2467 577 2512 egomet
604 2475 703 2502 totus
730 2467 889 2510 uenenm,
913 2469 974 2501 uix
989 2466 1097 2509 recipi
1118 2469 1209 2509 potis
1231 2472 1287 2501 est
1307 2465 1399 2509 qudd
1415 2475 1540 2509 rogas:

256 2533 345 2563 Nam
372 2529 409 2563 tu
434 2539 559 2572 aquam
584 2540 606 2563 a
630 2531 763 2571 pumice
789 2528 907 2563 hcrcle
928 2529 1090 2571 postulas
1107 2538 1212 2571 nuuc,
1233 2530 1290 2570 qui
1311 2530 1408 2569 ipsus
1429 2526 1540 2561 sitiat.

350 2594 413 2625 To.
441 2592 560 2626 Sicine
584 2595 651 2626 hoc
666 2592 701 2626 tc
721 2589 827 2626 mihi?
844 2593 908 2626 SA.
927 2591 1018 2634 Quid
1042 2588 1198 2624 faciam?
1222 2592 1286 2623 Το.
1302 2587 1384 2622 Men
1400 2586 1540 2632 rogas?

176 2655 234 2686 39.
260 2655 465 2686 confitentia
489 2655 589 2688 Bc
706 2658 895 2697 argentum
921 2664 974 2685 me
999 2653 1063 2688 R.
1090 2658 1153 2686 tua
1178 2661 1230 2684 me
1256 2655 1444 2694 argentum
1471 2651 1540 2686 Β.

84 2715 134 2746 tui
160 2724 181 2746 a
205 2724 260 2747 me
285 2719 470 2757 argentum
498 2716 599 2750 Da.
627 2721 662 2749 tu
689 2726 710 2749 a
734 2727 786 2749 me
811 2722 998 2759 argentum
1023 2716 1164 2760 reliqui
1311 2715 1370 2748 40.
1397 2715 1538 2747 ueniznn

86 2774 195 2808 BD
328 2777 481 2816 potessit
504 2776 755 2809 Camerarius
876 2777 938 2810 41.
964 2778 1063 2815 nam]
1074 2784 1210 2808 manam
1234 2775 1290 2810 B
1416 2773 1539 2815 pimice

86 2834 151 2868 B.
178 2835 303 2875 pumici
329 2836 495 2876 Guyetus
596 2838 712 2870 hercle
736 2835 802 2872 R.
825 2846 920 2870 nunc
945 2837 1037 2870 libri
1144 2837 1206 2869 42.
1231 2836 1324 2868 sitiat
1348 2834 1540 2870 ner.
