1757 3016
84 162 116 211 1,
128 162 169 212 2,
184 160 344 202 17—28
716 158 921 199 PERSA.
1483 159 1535 199 15

84 278 318 320 Dimidium.
347 284 471 332 atque
498 284 564 318 est
594 278 717 318 etiam
746 276 785 317 1'n
813 290 862 318 ea
891 277 990 331 lege
1020 273 1271 317 adscribier:

84 348 171 391 Vbi
197 350 491 404 quadruplatur
521 347 733 403 quoipiam
764 347 909 389 iniexit
938 361 1119 401 manum,
1477 348 1536 388 70

84 419 305 461 Tantidem
336 421 404 460 ille
433 421 489 460 illi
518 409 666 460 mirsiis
696 418 835 460 iniciat
863 433 1048 473 manum,

85 493 148 533 Vt
175 491 312 544 aequa
344 494 454 544 parti
484 489 686 543 prddeant
716 490 769 530 ad
798 488 999 531 trisuiros.

84 563 134 603 Si
161 561 204 602 id
231 560 320 614 fiat,
355 575 407 601 ne
436 563 510 601 isti
540 559 668 601 faxim
697 573 901 615 nusquam
929 560 1177 614 appareant,

84 633 168 684 Qui
196 633 281 685 hic,
311 632 365 672 ne:
393 633 600 685 laborent,
628 631 764 672 aliena
794 632 1044 685 oppugnant
1074 634 1193 675 bona.

83 706 161 746 Set
188 703 336 745 sumne
365 718 446 756 ego
477 706 648 756 stultus,
679 702 752 756 qui
779 717 867 744 rem
898 716 996 744 curo
1026 702 1249 757 publicam,
1479 704 1536 744 '75

82 775 167 816 Vbi
195 773 279 816 siut
306 775 594 828 magistratus,
625 773 733 828 quos
761 786 910 815 curare
941 773 1160 827 oporteat?

83 847 208 886 Nunc
238 842 320 886 huic
351 846 454 885 intro
483 845 578 887 ibot
609 843 744 886 uisam
774 845 998 886 hesternas
1027 845 1237 898 re'liquiaS,

84 916 277 968 Quie'rint
306 925 421 957 recte
449 916 603 960 necnet
634 931 732 957 num
762 918 798 958 is
828 916 952 958 fuerit
981 918 1131 958 febris:

84 988 298 1042 Opertaeu
328 989 494 1041 suerint,
526 988 578 1028 ue
607 989 700 1039 quis
729 988 1023 1041 obreptauerit.

85 1062 163 1102 Set
193 1059 431 1114 aperiuntur
461 1061 613 1103 ac'des:
644 1058 934 1103 remorandust
962 1061 1129 1115 gradus.
1478 1061 1538 1100 80

83 1233 286 1266 Acidalius
421 1235 599 1276 puplicum
623 1244 696 1276 pro
722 1235 818 1275 publ.
847 1233 888 1267 C
1027 1233 1088 1265 69.
1113 1238 1219 1272 atque
1243 1233 1299 1262 est
1323 1229 1430 1261 ctiam
1454 1229 1535 1260 Bo-

86 1294 186 1326 thius
221 1294 327 1326 olim:
358 1303 427 1336 quo
459 1295 596 1327 melius
628 1296 796 1326 nondum
829 1292 967 1325 inveni.
1005 1295 1110 1332 atque
1146 1291 1251 1322 etiam
1282 1290 1385 1322 libri.
1419 1291 1535 1330 potest

83 1353 186 1385 etiam
211 1352 359 1393 ‘prisca
383 1352 642 1393 eoeemplaria'
668 1352 740 1384 Pii.
769 1356 874 1393 atque
899 1361 1049 1393 aequum
1074 1352 1179 1383 etiam
1205 1349 1419 1382 Acidalius.
1444 1348 1535 1379 Non

82 1414 215 1454 placet
237 1416 342 1455 atque
365 1417 548 1454 aequomst
721 1412 757 1444 in
782 1421 823 1444 ea
847 1412 950 1444 libri.
977 1413 1010 1444 in
1036 1421 1112 1444 eam
1137 1411 1198 1452 (et
1221 1411 1362 1452 legem)
1387 1410 1531 1441 Dousa.

86 1483 165 1507 mea
200 1475 398 1507 Gruterus.
431 1476 551 1507 iubeat
583 1474 657 1515 san
690 1470 864 1515 iubeas‘3)
896 1474 1104 1507 Lambinus
1134 1473 1249 1505 simul
1274 1471 1343 1513 legi
1368 1470 1538 1502 scribens

203 1536 394 1568 adscribier
420 1535 638 1569 RDFz.
662 1535 875 1576 adscribere,
901 1535 966 1566 sed
990 1544 1008 1566 e
1033 1543 1137 1567 corr.
1162 1542 1217 1575 or,
1244 1532 1292 1566 (I.
1320 1531 1537 1564 adscribitor

81 1595 236 1628 Dousa:
267 1597 368 1637 quod
391 1596 455 1638 qui
477 1596 674 1637 probabit,
710 1605 786 1628 non
810 1595 1047 1628 incommode
1073 1592 1272 1626 Dimidium.
1299 1596 1405 1633 atque
1429 1592 1535 1623 etiam

84 1664 154 1687 una
177 1654 214 1688 in
237 1664 279 1688 ea
303 1657 327 1688 l.
354 1665 386 1688 a.
411 1657 563 1689 scribet.
588 1658 792 1689 adscribere
816 1660 870 1689 est
893 1656 1055 1688 Botlaeius
1079 1664 1203 1696 nuper
1347 1653 1406 1685 70.
1432 1652 1537 1693 quoi-

82 1716 174 1756 piam
198 1716 411 1749 Acidalius.
445 1717 641 1758 quempiam
675 1717 774 1750 libri.
807 1716 1057 1757 Adscriptum
1083 1716 1170 1747 erat
1193 1714 1239 1747 ab
1265 1714 1478 1755 interprete
1501 1713 1537 1745 in

84 1777 276 1818 quempiam
468 1778 590 1810 iniexit
616 1777 880 1810 Camerarius.
905 1777 1013 1808 iniexi
1038 1776 1139 1808 libri.
1166 1775 1293 1807 inlexit
1317 1773 1534 1806 scutarius,

87 1839 206 1871 iniecit
229 1839 323 1871 Pius
491 1840 553 1872 71.
578 1840 695 1872 initiat
718 1838 915 1874 Bono.
943 1838 1022 1870 itiat
1045 1837 1147 1872 Da.
1173 1836 1310 1869 iniiciat
1333 1834 1428 1869 Fz

81 1900 142 1932 72.
165 1900 213 1931 Vt
226 1899 437 1934 BDFz.
463 1905 497 1932 et
523 1900 572 1934 (J.
598 1900 813 1932 Vbivitium
830 1898 1101 1931 Gronovianae
1192 1897 1352 1929 trisuiros
1373 1894 1534 1930 Bon.

82 1958 145 1990 tris
165 1959 263 1991 uiros
283 1957 373 1993 Fz
558 1960 616 1990 73.
641 1959 747 1991 faxim
774 1966 946 1998 nusquam
972 1958 1162 1997 Pylades:
1185 1956 1294 1997 prob.
1319 1954 1540 1996 Madviyius

86 2022 225 2063 opusc.
249 2023 309 2064 ΙΙ,
333 2032 371 2065 p.
396 2023 459 2055 79.
489 2023 566 2055 faxi
594 2022 736 2063 usquam
761 2021 815 2055 z.
842 2019 997 2052 faximus
1015 2028 1118 2060 quam
1142 2017 1304 2060 reliqui,
1337 2016 1411 2048 nisi
1440 2015 1539 2058 quod

82 2073 238 2132 sgximut·
257 2099 311 2134 Β
511 2100 571 2132 74.
597 2099 650 2132 hic
675 2109 716 2132 ne
739 2100 904 2131 laborent
927 2096 1002 2131 R.-
1028 2097 1102 2129 m'si
1126 2096 1207 2128 sine
1231 2096 1286 2128 hic
1312 2094 1479 2127 scribere
1503 2092 1540 2124 ni

83 2160 141 2201 (Ιι.
168 2169 196 2193 e.
222 2161 289 2202 ne)
313 2160 480 2193 laborent
502 2161 700 2194 malueris.
725 2160 779 2192 hic
804 2161 886 2192 albo
913 2163 987 2191 rete
1013 2158 1126 2190 libri:
1152 2158 1190 2190 in
1211 2166 1281 2200 quo
1302 2154 1539 2196 explicando

82 2221 240 2262 frustra
265 2220 490 2253 desudatum
515 2222 581 2253 est.
605 2221 659 2253 hic
685 2221 766 2253 albo
791 2220 825 2252 in
851 2220 984 2260 pariete
1008 2219 1230 2250 Saracenas
1251 2218 1284 2248 et
1307 2215 1390 2248 sine
1411 2215 1447 2246 in
1463 2214 1539 2254 Py-

83 2282 202 2314 lades.
229 2281 285 2314 hic
309 2281 416 2314 albod
440 2281 551 2314 ariete
576 2281 790 2313 AcidaliuS.
816 2280 871 2312 hic
895 2279 1002 2311 salua
1026 2288 1063 2311 re
1087 2286 1153 2310 sua
1178 2276 1420 2316 Bernaysius

82 2342 141 2374 75.
164 2343 291 2374 summe
317 2341 359 2375 C'
487 2342 546 2373 76.
571 2341 637 2374 sint
661 2339 870 2375 BODF.
895 2340 972 2372 runt
998 2338 1041 2373 Ζ
1164 2339 1223 2370 78.
1252 2336 1418 2380 Quierint
1442 2338 1540 2368 recte

84 2402 215 2434 Dousa
239 2401 415 2442 Explan.
441 2401 514 2442 IV,
540 2403 586 2433 8.·
618 2399 827 2442 Quieuerint
857 2403 958 2433 recte
985 2398 1248 2433 Camerarius·
1282 2395 1541 2440 Quieuencrint

82 2465 228 2495 nerecte
252 2461 414 2498 Bon.
440 2462 510 2505 Qui
534 2463 721 2496 euenerint
745 2465 844 2495 recte
868 2461 962 2495 ΡΖ
1141 2468 1209 2492 nec
1234 2467 1276 2491 ne
1300 2457 1542 2490 scribebatur

171 2521 202 2554 is
226 2522 284 2563 (Ιι.
303 2532 332 2555 e.
352 2522 428 2564 eis)
454 2522 563 2555 fuerit
586 2521 652 2557 Β.
677 2522 822 2555 infuerit
846 2521 948 2555 libri.
974 2520 1083 2553 fuerit
1108 2519 1280 2552 Botliius.
1305 2518 1428 2550 iniitne
1443 2516 1541 2549 Pal-

83 2583 226 2617 merius
247 2592 287 2625 p.
312 2584 390 2617 875
414 2588 447 2617 te
471 2585 615 2617 addens
636 2586 726 2625 post
748 2585 858 2618 febris
1045 2584 1106 2616 79.
1132 2581 1334 2623 Opertaene
1360 2579 1541 2619 Pylades.

84 2645 268 2685 oportene
295 2644 387 2678 libri
519 2644 643 2677 fueritt
665 2643 719 2678 Β
859 2642 1097 2677 remorandus
1116 2644 1165 2676 est
1188 2640 1396 2678 Bch.
1422 2648 1543 2674 remo-

84 2707 217 2740 randul'
237 2706 317 2741 mihi
339 2706 390 2741 ert
413 2705 463 2741 F
566 2735 569 2737 ,
591 2706 726 2749 gradus
746 2706 866 2739 toxius
885 2705 1020 2739 saturio
1044 2705 1098 2740 Β
