1752 2968
1489 185 1560 229 XI

106 313 219 355 Theti
245 313 351 354 Irim
380 312 600 367 barytona,
624 310 872 352 latinissimo
901 316 1049 365 poetae
1080 308 1223 359 tribui,
1247 323 1333 350 non
1362 323 1454 350 esse
1484 324 1557 351 vc-

99 384 278 425 rendum
313 383 459 438 putavi
487 397 538 424 ne
569 383 704 437 egisse
733 380 1008 422 inconsultius
1037 379 1216 420 viderer.
1246 403 1301 409 ——
1329 379 1473 422 Aliam
1502 381 1557 422 ob

100 470 292 497 caussam
307 470 392 495 non
409 454 597 509 paullum
615 452 889 494 dubitationis
902 450 1242 494 DORDALVS
1259 467 1413 493 nomen
1426 451 1558 502 inicit,

102 534 147 566 ut
178 526 296 567 cuius
327 525 606 579 veriloquium
633 539 810 579 prorsus
839 524 999 565 nullum
1028 525 1071 565 in
1099 532 1299 580 promptu
1329 524 1394 566 sit.
1429 523 1559 576 Quod

99 597 177 638 etsi
206 608 402 638 constans
431 611 508 651 per
536 603 667 636 totam
695 595 882 636 fabulam
911 596 1168 650 optimorum
1197 595 1391 645 testium,
1431 595 1558 636 etiam

98 669 397 719 Ambrosia-ni,
435 668 662 709 auctoritas
700 667 838 709 effecit
873 678 921 708 ut
957 667 1126 708 interim
1165 681 1252 708 non
1293 667 1559 709 sollicitarem

96 741 215 794 (nam
249 741 339 782 leve
376 749 440 781 est
476 740 591 794 quod
627 739 671 780 in
710 740 809 784 Db
843 739 1063 793 aliquoties
1099 747 1286 780 erratum
1313 744 1377 780 est.
1404 736 1558 780 DOR-

95 810 297 853 RALVS
336 811 403 852 vel
437 809 698 852 DORALV
701 809 775 864 S),
823 817 963 850 tamen
999 824 1084 850 non
1121 823 1188 850 me
1225 809 1426 864 praeterit
1468 809 1558 850 fieri

95 898 222 938 posse
249 891 295 924 ut
324 883 369 924 in
399 883 488 924 solo
519 893 766 938 argumento
796 881 962 923 fabulae
991 895 1136 921 veram
1164 881 1347 922 nominis
1378 880 1558 936 scriptu-

95 971 188 996 ram
217 955 384 997 codices
415 955 620 996 servarint
650 953 1014 996 DORPALVM.
1043 977 1099 981 —
1127 952 1355 994 Praeterea
1382 953 1558 1008 parasiti

95 1026 202 1067 filiae
221 1025 460 1068 VIRGLN]
479 1035 700 1081 potueram
729 1027 906 1067 fortasse
935 1039 1090 1066 nomen
1117 1025 1262 1066 indere
1278 1023 1557 1067 LVCRIDI:

98 1097 266 1151 quando
296 1097 366 1138 illa
395 1112 444 1138 ea
471 1098 515 1138 in
546 1112 683 1143 scena,
714 1097 756 1138 in
787 1112 871 1151 qua.
899 1097 978 1138 hoc
1010 1095 1090 1137 sibi
1117 1111 1271 1137 nomen
1295 1111 1386 1138 esse
1411 1104 1557 1138 narrat

99 1184 139 1209 v.
165 1170 259 1218 6:24,
281 1169 489 1210 constanti
509 1169 682 1210 consilio
711 1169 770 1210 ita
799 1168 1025 1224 respondet
1055 1167 1282 1209 sciscitanti
1310 1167 1463 1218 lenoni,
1494 1161 1560 1218 ut,>

103 1255 200 1281 cum
236 1240 412 1281 honesta
449 1240 671 1282 calliditate
717 1254 855 1280 meras
900 1233 1168 1294 ἀμφιβολίας
1213 1246 1371 1294 captet,
1417 1247 1558 1281 tamen

96 1311 247 1353 ficticia
275 1320 316 1352 et.
345 1311 556 1353 contraria
585 1311 751 1352 veritati
781 1310 923 1352 dedita
952 1324 1081 1364 opera
1110 1309 1301 1350 declinet.

185 1399 469 1441 Instrumento
501 1400 644 1442 critico
674 1411 819 1441 nostro
848 1408 945 1455 post
975 1399 1130 1440 editam
1148 1398 1455 1440 Blostellariam
1488 1413 1557 1440 ac-

94 1476 309 1506 cesserunt
326 1481 454 1507 manu
480 1467 658 1522 scriptae
686 1467 976 1508 adnotationes
1008 1467 1057 1508 F.
1077 1466 1131 1508 V.
1153 1466 1350 1516 Reizii‚
1383 1464 1500 1508 God
1511 1480 1557 1506 o-

93 1537 233 1578 fredi
263 1537 575 1587 Hermanni,
609 1536 792 1579 Caroli
824 1537 1165 1579 Lachmanni.
1239 1535 1432 1589 Quarum
1461 1537 1555 1586 hae,

95 1623 200 1662 quas
229 1609 375 1650 ultimo
405 1609 496 1651 1000
528 1610 637 1659 dixi,
677 1610 854 1665 scriptae
886 1618 980 1650 sunt
1011 1610 1054 1650 in
1082 1608 1345 1665 marginibus
1375 1609 1558 1649 duorum

95 1680 397 1735 exemplarium
426 1695 519 1721 11100
551 1695 645 1721 acre
675 1695 810 1736 nuper
833 1690 1083 1736 emptorum,
1102 1680 1441 1721 Taubmanniani
1460 1679 1558 1720 anni

97 1762 283 1792 MDCXXI
311 1763 352 1792 et
379 1752 597 1808 Bipontini
628 1753 724 1793 anni
762 1764 1129 1801 MDCCLXXXVIII,
1172 1752 1247 1793 sed
1283 1751 1414 1792 multo
1450 1765 1556 1806 pau-

96 1821 231 1862 ciores
261 1822 305 1862 in
332 1822 413 1863 hoc
443 1837 570 1876 quam
598 1822 641 1862 in
671 1822 754 1863 illo.
786 1822 854 1862 Ex
870 1822 1108 1862 Hermanni
1131 1832 1270 1862 autem
1300 1820 1555 1862 bibliotheca

95 1891 391 1948 depromptmn
420 1893 656 1948 exemplum
685 1893 989 1934 Ernestianum
1019 1892 1116 1933 anni
1145 1904 1337 1934 MDCCLX
1369 1907 1556 1934 comino-

93 1965 208 2006 davit
229 1965 427 2007 Mauricii
444 1965 623 2021 Hauptii
643 1965 846 2006 amicitia:
877 1965 996 2006 cuius
1016 1979 1123 2018 quae
1142 1965 1261 2006 dotes
1281 1965 1376 2014 sint,
1399 1965 1556 2020 optime

92 2035 345 2093 intellegitur
373 2052 425 2078 ex
452 2037 585 2093 ipsius
615 2037 853 2078 Hermanni
888 2037 1030 2079 verbis
1067 2037 1111 2078 in
1150 2038 1231 2079 fine
1270 2037 1442 2079 alterius
1480 2052 1556 2079 vo-

92 2108 260 2151 luminis
290 2109 469 2165 scriptis‚
501 2124 608 2164 quae
638 2110 748 2151 infra
775 2110 971 2165 ponenda
1001 2110 1124 2151 duxi:

265 2198 375 2250 Quae
403 2201 447 2241 in
477 2200 548 2241 hoc
578 2200 679 2241 libro
709 2200 862 2241 calamo
893 2206 1084 2240 ccnnotczta
1101 2198 1213 2254 sunt,
1244 2212 1290 2238 ea
1319 2211 1366 2238 ea?
1395 2197 1552 2237 ‹lemor-

259 2272 317 2311 tui
346 2274 618 2329 praeceptoris
655 2274 734 2314 *mei
769 2272 972 2313 Frideriei
1020 2270 1219 2325 Volgsanssi
1253 2269 1390 2310 Rea-ii
1425 2283 1555 2309 arem-

252 2343 373 2399 plara
403 2344 520 2385 huius
549 2346 734 2386 editionis
773 2343 961 2384 wan-stuli
998 2343 1041 2383 in
1079 2343 1150 2383 hoc
1186 2357 1316 2383 meum
1340 2341 1557 2397 'ea‘emplar

259 2432 346 2456 cum
377 2418 554 2457 mavinia
571 2417 779 2474 fidelitate,
814 2418 871 2456 ita
900 2423 938 2456 ‘ct
969 2429 1103 2471 neque,
1122 2415 1259 2471 sicubi
1287 2416 1438 2456 errauit
1456 2415 1556 2455 Rei-

256 2489 357 2537 zius,
384 2489 632 2528 immutarem
641 2503 655 2536 ,-
685 2488 720 2539 ι)-
751 2488 819 2528 ulai
847 2503 872 2528 α
893 2488 1037 2543 priore
1067 2487 1302 2527 correctione
1331 2486 1554 2541 recesserat,

245 2559 290 2615 si
319 2560 482 2601 calamo
513 2575 600 2602 eam
628 2569 886 2616 etz-puniverat,
918 2562 1023 2602 idem
1040 2561 1244 2616 facerem5
1270 2561 1316 2616 si
1332 2560 1423 2616 sale
1452 2560 1555 2602 clele-

256 2639 342 2681 rat,
382 2634 424 2674 in
455 2634 656 2688 mccryine,
688 2649 789 2689 quae
815 2634 1020 2690 pristinae
1049 2635 1334 2675 emendationis
1364 2633 1557 2689 castorem

258 2704 443 2759 vesstiyia,
483 2706 715 2746 indicarem.
781 2706 850 2746 Ea
888 2713 1018 2747 autem
1056 2721 1157 2761 quae
1194 2707 1279 2746 iam
1321 2713 1437 2747 antea
1474 2705 1557 2761 ipse

257 2774 487 2826 allecem-am,
510 2776 572 2817 rel
587 2776 787 2831 subducta
809 2777 969 2826 lineola,
991 2777 1052 2818 vel
1070 2777 1253 2834 apposito
1273 2793 1357 2819 meo
1378 2778 1551 2825 nomine,

255 2854 293 2887 rt
321 2848 371 2889 ab
399 2849 536 2890 Reize'i
563 2851 665 2891 notis
694 2851 904 2905 internosci
922 2851 1096 2907 possent,
1129 2867 1267 2893 curam
1296 2851 1432 2893 habui.
1463 2851 1552 2893 De-
