1752 2968
200 141 311 184 XIV

199 276 280 303 nus
311 262 523 318 ascripsit:
563 277 585 304 e
616 262 769 317 quibus
798 271 964 320 praeter
994 279 1064 314 ea,
1103 278 1283 319 quorum
1311 265 1355 305 in
1384 264 1652 305 adnotatione

199 341 344 375 nostra
373 334 457 375 iam
486 342 549 376 est
569 335 724 376 mentio
745 335 868 385 facta,
889 336 992 377 haee
1013 336 1201 391 excerpsi
1222 336 1499 378 condonanda
1517 336 1652 392 magis

200 420 328 459 quam
357 407 742 447 commemoranda:
945 423 984 448 v.
1017 408 1068 449 68
1099 409 1190 449 dato
1221 409 1264 448 in
1467 409 1544 450 265
1576 423 1652 463 quo

199 479 292 520 bene
321 480 395 520 erit
640 480 722 521 304
752 482 808 522 ibi
835 495 896 522 me
925 480 1055 521 soluat
1312 480 1392 520 770
1421 488 1461 520 tu
1490 482 1547 521 sic
1575 480 1653 521 eris

365 551 593 592 Praeterea
621 566 660 592 v.
694 553 772 594 159
804 552 861 593 ‘in
891 552 1040 594 collato
1071 552 1214 595 codiee
1244 553 1425 608 spatium
1457 567 1547 594 csse
1575 567 1653 607 pro

199 615 258 662 πό
266 623 355 673 θεν,
377 623 451 663 sed
469 622 662 678 pluribus
681 623 846 665 litteris’
869 622 1114 666 Gronovius
1137 625 1353 666 adnotavit
1372 624 1415 665 in
1432 622 1566 666 Gron.
1580 625 1652 664 17:

199 705 239 732 v,
273 699 412 732 autem
443 693 522 733 792
551 694 737 735 manibus
773 709 850 749 pro
881 696 1054 751 pedibus
1093 695 1284 749 (defenso
1326 694 1379 735 ab
1417 693 1653 749 Scaligero)

197 761 373 804 Petrum
404 762 677 806 Ciaeeonium
704 764 776 806 lib.
807 766 859 806 de
888 766 1037 808 triclin.
1059 767 1328 822 proposuisse
1347 766 1655 808 Rittershusius

198 833 242 875 in
269 834 327 876 D.
360 836 452 876 181.

306 905 528 948 Exhausta
565 908 740 949 materia
775 908 979 950 Leidensi
1017 909 1130 950 omni
1169 917 1359 965 superest
1395 917 1441 950 ut
1479 909 1654 950 adnota-

198 977 302 1019 tioni
331 979 435 1021 haee
465 981 664 1022 accedant
695 980 906 1023 oblivione
936 982 1120 1023 omissa:
1314 996 1353 1021 v.
1386 983 1439 1022 74
1468 981 1532 1022 Ιιίσ
1561 981 1653 1021 aluo

200 1057 276 1092 rete
306 1049 542 1094 Guliehnus
572 1053 770 1095 Verisim.
800 1054 882 1105 ΙΠ,
916 1054 966 1095 13
1183 1054 1260 1094 126
1291 1054 1401 1093 (lomi
1427 1067 1505 1108 pro
1535 1053 1652 1093 modo

197 1121 310 1163 idem
339 1123 497 1165 ibidem
525 1124 561 1174 I,
593 1126 618 1166 8
829 1127 911 1167 463
947 1126 1161 1167 leecctrmn
1192 1125 1367 1181 lepidum
1398 1125 1531 1182 lepida
1561 1139 1653 1165 (²072-

196 1194 354 1236 decorat
383 1195 539 1237 schema
570 1193 778 1238 Cantcrus
798 1196 908 1238 Nov.
928 1197 1019 1238 leet.
1041 1196 1122 1246 HI,
1146 1196 1197 1237 18
1370 1195 1421 1237 In
1450 1195 1552 1251 ipsis
1579 1211 1653 1236 au-

197 1272 280 1307 tem
308 1266 450 1308 verbis
480 1276 628 1323 poetae
658 1269 822 1325 corrige
852 1285 891 1310 v.
916 1270 996 1310 120
1018 1270 1228 1326 parasitus
1339 1283 1378 1309 v,
1411 1269 1491 1309 664
1520 1268 1653 1308 indica

193 1351 272 1391 pro
303 1339 422 1378 mliea
451 1346 490 1379 et
521 1338 556 1379 si
587 1354 693 1393 quae
722 1340 829 1381 forte
859 1348 955 1381 sunt
985 1340 1155 1381 similia:
1187 1338 1326 1393 qualia
1346 1339 1448 1379 vitia
1468 1352 1562 1393 spes
1591 1346 1655 1378 est

194 1408 285 1449 fore
321 1416 369 1450 ut
404 1417 589 1451 mutatus
627 1425 723 1452 cum
761 1411 1026 1467 redemptore
1068 1410 1242 1452 libra-rio
1283 1410 1573 1466 typographus
1610 1409 1654 1452 in

194 1491 412 1535 posterum
442 1490 587 1523 caveat
617 1483 837 1525 curiosius.

306 1604 397 1648 Ser.
418 1605 594 1647 Bonnae
615 1621 651 1647 a.
674 1606 714 1647 d.
735 1618 798 1647 ΙΙΙ.
819 1605 918 1647 Kal.
940 1605 1047 1662 Apr.
1071 1621 1106 1647 a.
1131 1594 1438 1648 CIQIOCCCLTI.
