1757 3016
204 125 256 165 16
815 127 1035 169 PLAV'l'I
1446 131 1477 179 1,
1491 129 1530 180 3,
1549 131 1654 171 1-9

456 368 899 411 Toxlhvs.
959 369 1394 410 SA'rvlzlo.

782 554 817 592 Τ
838 564 862 592 0
880 564 908 592 x
925 567 938 593 1
955 565 980 592 L
997 566 1025 592 v
1041 566 1075 592 s.

207 621 384 663 omnem
414 635 501 663 rem
531 623 682 676 inueni,
713 629 757 664 ut
786 618 865 664 εὔει
895 625 974 664 sibi
1007 622 1185 677 pecunia

206 682 344 733 Ηοᾞῖὲ
374 691 484 735 illam
515 694 644 735 faciat
673 694 769 736 Ιόηο
803 694 986 736 libertam
1018 708 1151 737 suam.

206 766 285 807 Set
312 762 457 806 eccum
487 767 734 818 parasitum,
765 762 914 820 qub'ius
947 769 1042 808 mihi
1072 765 1267 807 auxilidst
1297 781 1413 821 opus.

207 836 422 878 Simulabo
452 839 571 891 quasi
600 851 680 879 non
711 837 897 881 uideam:
928 840 987 880 ita
1015 837 1190 880 alliciam
1221 841 1364 880 uirum.

208 908 370 950 Curate
400 910 497 950 istic
527 922 605 950 uos
634 908 761 963 atque
792 910 1069 964 adproperate
1099 910 1232 964 dcius,
1606 911 1661 951 85

207 982 276 1021 Ne
306 979 404 1021 mihi
433 994 575 1021 morae
601 982 656 1022 sit
685 979 926 1035 quicquam,
959 983 1026 1022 ubi
1055 996 1137 1037 ego
1167 985 1272 1022 intro
1305 983 1528 1024 aduenere.

208 1050 451 1093 Commisce
481 1052 678 1094 mulsum:
711 1047 919 1105 striishea,
953 1055 1120 1093 colutea
1150 1053 1322 1106 appara,

206 1125 324 1164 Bene
354 1129 400 1163 ut
429 1121 469 1163 in
500 1124 653 1164 scutris
686 1123 955 1165 concatenat:
987 1131 1030 1164 et
1056 1126 1263 1165 calamum
1296 1124 1415 1165 inice.

207 1197 294 1235 Iam
324 1193 393 1248 p61
422 1196 490 1236 ille
518 1196 585 1236 hic
613 1196 765 1248 aderit,
798 1195 936 1249 crddo,
965 1195 1167 1250 congerr6
1200 1209 1329 1237 meus.

296 1400 395 1434 Act.
421 1402 454 1434 I.
482 1402 616 1434 Scen.
641 1404 678 1434 3.
731 1404 906 1436 TOXIVS
931 1405 1129 1436 SERVVS.
1156 1405 1374 1438 SATVBIO.
1402 1406 1663 1437 PARASITVS

206 1459 295 1494 Db
319 1462 368 1502 et,
393 1460 469 1493 nisi
493 1461 592 1503 quod
616 1462 773 1500 Toxilus,
798 1461 889 1495 ΡΖ
998 1463 1059 1494 81.
1083 1463 1177 1504 fort.
1202 1473 1268 1496 sua
1291 1463 1356 1495 sibi
1383 1469 1420 1496 nt
1533 1473 1665 1504 peccu-

207 1520 268 1552 nia
294 1519 335 1554 C
463 1522 524 1553 82.
548 1522 646 1553 illam
672 1531 724 1554 an
748 1522 847 1555 illum
871 1523 912 1555 in
935 1523 989 1557 Β
1012 1523 1074 1564 sit,
1102 1533 1177 1556 non
1201 1523 1297 1556 satis
1321 1524 1439 1566 liquet
1554 1525 1666 1556 liber-

207 1587 314 1616 tatem
340 1583 390 1617 F
507 1586 568 1617 83.
595 1585 724 1625 quoius
744 1585 824 1616 mihi
849 1584 913 1618 B.
940 1585 1040 1618 cuius
1063 1586 1142 1617 mihi
1166 1585 1271 1619 Fz.
1297 1595 1364 1626 quo
1391 1585 1470 1617 mihi
1495 1586 1548 1617 ius
1573 1585 1665 1619 c'D

318 1645 368 1677 est
392 1646 484 1678 libri
672 1646 731 1678 84.
758 1646 913 1679 alliciam
941 1647 1204 1679 Camerarius.
1231 1647 1391 1678 allictam
1416 1646 1482 1681 B.
1506 1647 1666 1679 allietam

211 1705 316 1740 CB.
339 1707 491 1739 elliciam
522 1707 578 1742 Ζ.
603 1708 727 1741 elicias
745 1707 795 1742 F
997 1709 1109 1741 uirum
1138 1710 1400 1742 Camerarius.
1426 1719 1548 1742 uerum
1574 1710 1668 1742 libri

297 1769 357 1799 85.
382 1770 498 1810 adque
524 1768 567 1802 (3¹
674 1756 906 1810 impropera*e
930 1770 986 1804 Β
1108 1779 1225 1810 ocyus
1253 1770 1515 1803 Camerarius.
1541 1771 1671 1802 oculus

207 1828 300 1860 libri
467 1830 527 1864 86.
554 1830 689 1871 ubiggo
716 1831 807 1863 intro
833 1830 888 1864 B
1045 1832 1092 1862 87
1117 1840 1174 1873 sq.
1199 1831 1283 1863 Hac
1307 1832 1486 1872 spectare
1512 1831 1665 1863 Plinius

206 1888 359 1921 videtur
382 1889 432 1922 N.
461 1891 506 1922 H.
532 1891 645 1932 XIV,
671 1889 732 1932 13,
757 1895 785 1930 S
810 1890 860 1924 15
885 1891 1007 1934 092).-
1041 1893 1273 1925 ‘Lautissima
1305 1894 1397 1933 apud
1423 1892 1561 1933 priscos
1586 1893 1669 1924 uina

207 1954 309 1982 erant
333 1959 474 1982 murrae
499 1952 613 1983 odore
637 1951 803 1992 condita,
837 1956 875 1984 ut
909 1958 1057 1993 apparet
1093 1953 1126 1984 iu
1152 1953 1268 1984 Plauti
1295 1953 1420 1985 fabula
1445 1961 1533 1994 quae
1558 1952 1671 1985 Persa

204 2010 435 2043 inscribitur:
466 2019 674 2052 quamquam
708 2012 741 2044 in
775 2021 817 2044 ea
850 2014 884 2044 et
914 2013 1088 2044 calamum
1122 2014 1202 2045 addi
1227 2013 1353 2045 iubet)
1385 2014 1489 2045 Vnde
1515 2022 1668 2045 murram

204 2080 279 2112 pro
306 2073 457 2105 mulsum
481 2074 666 2115 placebat
688 2073 892 2114 Acidalio,
926 2075 1111 2114 myrrhina
1142 2084 1216 2115 pro
1241 2083 1376 2114 appara
1401 2075 1597 2107 Palmerio
1621 2084 1660 2115 p.

207 2133 286 2166 876
519 2135 694 2176 struthea,
720 2135 868 2167 colutea
893 2134 941 2174 (a
965 2135 1125 2175 κολυτέα)
1150 2133 1210 2168 R.
1241 2135 1397 2166 struthea
1421 2135 1669 2175 coluthequam

207 2194 371 2228 Bon.
402 2196 559 2228 struthea
583 2196 817 2236 colutheaque
842 2195 943 2229 Fz.
971 2195 1152 2236 struthea,
1179 2197 1347 2228 coluthea
1370 2204 1380 2230 t
1407 2204 1532 2236 aquam
1559 2196 1673 2228 codd.

208 2256 398 2289 Lambini.
425 2257 659 2297 strutheaque
683 2257 778 2288 lutea
793 2256 1023 2288 Salmasius.
1049 2256 1193 2288 Struthe
1210 2257 1378 2288 acoluthe
1395 2256 1453 2296 (Ιι.
1467 2265 1499 2288 e.
1513 2256 1669 2298 Στροῦθε

205 2315 390 2359 ἇκὸλουθε)
417 2318 619 2359 Scaliyer:
644 2318 756 2360 atque
780 2318 956 2349 Aeoluthe
983 2318 1163 2349 voluerat
1187 2317 1302 2349 etiam
1328 2317 1548 2349 Palmerius

206 2380 267 2410 88.
289 2379 420 2411 scutris
448 2379 710 2411 Camerarius.
738 2378 862 2411 stutris
882 2378 990 2412 Bc.
1017 2377 1156 2410 strutris
1174 2376 1285 2411 DF.
1311 2377 1477 2410 strutheis
1499 2375 1542 2410 Ζ

207 2440 423 2472 concaleant
446 2439 660 2472 Acidalia-3.
685 2441 873 2472 concaleat
898 2440 989 2473 libri
1135 2441 1332 2478 calamum]
1345 2440 1459 2473 calam
1485 2438 1666 2482 Scaliger

295 2500 400 2532 inlice
425 2499 527 2534 Fz.
552 2501 628 2533 nice
652 2500 802 2534 Bon
946 2502 1008 2533 89.
1033 2502 1145 2533 Hunc
1168 2501 1337 2542 protulit
1367 2502 1496 2533 Varro
1520 2502 1565 2533 de
1591 2503 1615 2533 l.
1642 2503 1670 2534 l.

214 2561 311 2602 VH,
334 2561 385 2593 55
409 2563 446 2594 et
468 2562 556 2595 inde
581 2562 628 2594 ab
653 2563 709 2594 hio
729 2562 882 2594 Nonius
896 2571 935 2603 φ).
952 2561 1041 2603 118,
1064 2562 1123 2594 Ιιίε
1147 2563 1296 2604 quidem
1319 2562 1401 2594 sine
1425 2561 1576 2594 nomine
1598 2562 1669 2604 fa-

207 2622 333 2664 bulae,
358 2624 404 2655 de
428 2632 504 2665 qua
527 2632 570 2655 re
595 2623 641 2655 ab
663 2622 808 2665 Wutfio
836 2623 989 2655 Observ.
1012 2623 1100 2655 crit.
1124 2623 1164 2655 in
1190 2625 1263 2655 loc.
1290 2632 1405 2655 nome.
1429 2623 1565 2663 script.
1590 2623 1670 2655 uer.

208 2682 299 2725 linq.
326 2682 470 2725 (Luyd.
496 2685 586 2715 Bat.
613 2693 649 2715 a.
676 2682 802 2725 1849)
827 2683 1030 2724 disputata
1057 2685 1278 2724 occuparat
1302 2683 1528 2716 Gulielmus.
1563 2683 1670 2715 Cete-

206 2751 294 2775 rum
311 2743 423 2775 addit
438 2743 613 2776 Nouius:
638 2742 690 2776 ‘ut
709 2744 881 2776 conlusor
899 2752 1007 2783 meuS,
1027 2744 1085 2784 qui
1105 2745 1245 2776 easdem
1263 2748 1431 2776 exerceat
1455 2744 1587 2785 nugas'

296 2803 484 2843 pollllehic
508 2804 573 2839 B,
600 2804 660 2845 pol
686 2804 741 2836 hle
765 2804 845 2837 sine
869 2804 931 2837 ille
953 2805 1152 2838 Bentleius
1168 2805 1207 2838 in
1224 2804 1381 2846 Adelph.
1397 2805 1458 2846 ΙΙ,
1470 2804 1506 2846 4,
1526 2803 1560 2847 1,
1575 2813 1668 2838 casu
