1757 3016
149 155 228 196 116
764 156 987 196 PLAVTI
1319 157 1427 208 V,2‚
1441 157 1606 200 65—68

147 275 362 328 Hicinest,
395 279 466 331 qui
496 277 572 317 fuit
602 275 810 329 qudndam
839 276 992 317 fortis?

707 360 1055 401 DORDALvs

584 431 705 480 Quae
735 431 843 471 hae'c
873 443 940 470 res
969 427 1072 470 est?
1104 431 1140 470 ei
1172 459 1184 480 ‚
1215 429 1394 483 cdlapho
1427 443 1493 471 me
1524 431 1605 472 icit.

147 494 305 537 Malum
337 499 458 538 uobis
490 499 611 540 dabo.

745 574 1017 613 Toxmvs.

635 634 704 682 'At
736 644 809 683 tibi
839 655 917 683 nos
944 643 1137 685 de'dimus
1166 645 1442 700 dabimusque
1471 645 1608 688 etiam.

718 726 1044 769 DoRDALvs

149 796 216 848 Ei,
247 794 357 835 natis
387 793 591 849 peruellit.

713 866 834 906 ΡΑΕ
859 879 1070 908 GNIVM.

584 937 727 977 Licet:
757 940 839 977 iam
873 933 946 977 diu
979 944 1079 978 sunt
1109 951 1243 993 saepe
1274 940 1526 995 expunctae.

704 1020 1062 1062 DonnALvs

148 1101 345 1157 quuere
376 1109 419 1143 tu
449 1104 590 1156 etiam,
621 1100 800 1143 frustum
834 1103 985 1166 puefi?

640 1188 1136 1229 Lssmsissshssius.

748 1275 861 1313 Iutro
892 1271 920 1326 ι’,
952 1279 1142 1327 patrone,
1175 1272 1338 1326 amabo,
1369 1273 1423 1314 ad
1453 1287 1612 1315 cenam.

729 1356 1048 1398 DoRDALvs.

150 1427 252 1468 Me'a
283 1440 365 1481 ego
397 1428 562 1481 ignauia
649 1448 671 1469 ÷÷
729 1449 751 1470 ÷÷
808 1449 830 1470 κ
889 1449 912 1470 ÷÷
997 1437 1044 1470 tu
1071 1427 1182 1472 minc
1212 1444 1279 1471 me
1309 1429 1493 1473 inrides?
1531 1430 1616 1471 850

151 1636 212 1667 ras
234 1636 397 1678 uirgines
419 1642 600 1670 mercatur
626 1637 824 1673 anz.
846 1639 979 1670 liberas
1002 1636 1160 1679 uirgines
1180 1636 1234 1670 Β
1333 1636 1418 1668 846.
1443 1636 1617 1669 HIccinest

152 1696 247 1729 libri
416 1707 473 1731 res
498 1700 584 1731 haec
608 1699 766 1732 Reizius
935 1700 964 1731 ei
989 1697 1234 1733 Bcnbz.
1259 1707 1329 1730 om.
1354 1698 1458 1733 Da.
1483 1698 1551 1730 diei
1573 1698 1624 1732 F

242 1758 394 1800 colapho
420 1768 473 1791 me
498 1760 559 1793 icit
584 1760 809 1793 Acidalius:
833 1761 984 1801 colapho
1010 1761 1071 1792 icit
1095 1760 1317 1800 Lambinus,
1344 1756 1408 1802 qia·
1431 1759 1548 1792 etiam
1573 1760 1618 1792 de

152 1818 342 1859 colaphum
369 1820 465 1853 ducit
491 1821 695 1862 coyicabat.
722 1823 912 1862 colaphum
948 1823 1007 1856 icit
1046 1822 1149 1855 libri.
1184 1822 1369 1862 colaphum
1402 1821 1497 1853 inicit
1521 1821 1620 1852 Sca-

153 1880 262 1920 liqer.
289 1881 449 1922 κολαφίζῃ
473 1881 573 1913 idem
597 1882 665 1915 ille
689 1882 890 1915 Acidalius
1077 1884 1162 1915 847.
1187 1883 1262 1915 848
1286 1882 1472 1916 iambicos
1496 1879 1619 1923 confi-

152 1941 285 1973 denter
310 1942 510 1983 descripsi.
538 1944 612 1983 Qui
636 1954 715 1977 una
740 1954 826 1978 cum
849 1945 1042 1986 proximis
1065 1945 1104 1978 Izi
1129 1948 1219 1979 sunt
1241 1946 1281 1979 in
1305 1947 1385 1981 B:

284 2013 419 2045 Malum
445 2015 545 2048 uobis
566 2017 667 2049 dabo.
738 2022 776 2050 at
801 2019 861 2050 tibi
887 2020 952 2051 nos
974 2019 1131 2051 dedimus
1154 2021 1377 2061 dabimusque
1401 2021 1517 2055 etiam.
1587 2023 1620 2055 ei

1326 2083 1419 2114 natis
1440 2083 1619 2123 peruellit.

285 2139 389 2171 Licet
412 2139 480 2172 iam
506 2140 585 2172 dius
604 2142 680 2181 sepe
706 2142 786 2174 sunt
810 2145 1023 2182 expunctae.
1101 2143 1250 2184 loquere
1276 2145 1313 2175 tu
1338 2144 1442 2175 etiam
1467 2145 1619 2177 frustum

1492 2201 1620 2245 pueri?

286 2263 444 2295 Patrone
467 2263 562 2295 Intro
588 2265 714 2295 amabo
740 2265 783 2295 ad
809 2272 930 2296 cenam
957 2274 1035 2297 mea
1060 2266 1206 2305 ignauia
1229 2268 1268 2298 tu
1293 2274 1387 2298 nunc
1411 2275 1464 2298 me
1482 2266 1620 2300 irridet.

244 2333 330 2365 847.
357 2335 522 2366 dedemus
542 2337 630 2367 ante
656 2345 761 2368 corr.
785 2336 841 2370 B
976 2337 1061 2369 848.
1086 2337 1143 2369 hei
1167 2337 1216 2372 F
1346 2338 1449 2370 nates
1470 2337 1620 2373 (JDZ.

157 2394 264 2425 nator
284 2393 335 2427 F
529 2396 598 2428 iam
623 2395 681 2428 diu
706 2401 792 2430 sunt
815 2407 920 2439 saepe
945 2397 1012 2433 R.
1037 2398 1105 2431 iam
1131 2399 1209 2430 dius
1230 2400 1312 2439 repe
1337 2399 1417 2431 sunt
1441 2399 1556 2432 etiam
1582 2398 1624 2434 0

156 2454 266 2488 Dz.
292 2456 361 2487 iam
387 2456 445 2488 diu
472 2457 550 2496 sepe
575 2458 655 2490 sunt
678 2458 735 2492 F.
762 2459 818 2491 diu
843 2468 950 2499 saepe
974 2465 1057 2491 sunt
1080 2460 1162 2492 sine
1186 2460 1254 2492 iam
1282 2461 1534 2494 Camerarius

155 2516 246 2548 849.
273 2516 443 2549 frustrum
467 2517 518 2551 F
660 2520 754 2553 intro
779 2521 790 2552 ἰ
814 2525 963 2561 patrone
987 2519 1052 2555 R.
1077 2520 1228 2562 patrone
1251 2522 1347 2555 intro
1371 2522 1487 2555 etiam
1514 2520 1619 2556 UD.

154 2581 309 2616 patrone
334 2578 344 2609 i
368 2578 463 2611 intro
492 2578 549 2612 Ζ.
574 2584 724 2620 patrone
749 2581 842 2614 intro
866 2581 917 2616 F
1061 2590 1206 2614 caenam
1235 2582 1278 2616 0
1411 2583 1498 2616 850.
1524 2583 1619 2616 Cum

156 2637 211 2671 B
237 2640 456 2680 eonqruunt
490 2640 699 2684 cDFz,
730 2642 806 2675 nisi
839 2644 939 2686 quod
970 2645 1036 2676 Do.
1069 2645 1321 2686 praeponunt
1350 2643 1459 2686 Fz,
1493 2643 1626 2677 ini-ider

156 2696 306 2733 Dcz.
330 2699 419 2732 Non
453 2710 533 2734 esse
564 2704 817 2738 dubitandum
841 2705 997 2738 videtur
1021 2705 1113 2749 quin
1138 2706 1328 2748 quaedam
1352 2702 1623 2739 interciderint

156 2762 262 2794 velut
286 2763 415 2796 talia.-

200 2820 285 2857 Mea
311 2826 421 2868 [ego]
447 2826 593 2870 ignauia
615 2832 739 2871 [quom
764 2832 801 2862 te
827 2830 864 2862 et
886 2828 988 2862 illam
1010 2827 1181 2872 pei-didm
1205 2831 1242 2862 tu
1260 2826 1358 2862 nunc
1379 2836 1434 2860 me
1457 2821 1618 2859 inrides?²
