1752 2968
171 163 263 205 XII

324 287 503 342 scriptae
517 285 618 341 sunt
646 285 779 325 lmecce
808 292 920 325 notae
947 284 1115 340 Lipsiae
1143 285 1186 324 in
1201 284 1324 339 feriis
1353 285 1482 324 vernis
1510 299 1535 323 α
1563 283 1626 323 die

339 359 440 399 XV.
470 357 633 414 Aprilis
670 372 789 412 esque
826 358 881 397 (ul
917 358 1017 397 diem
1057 357 1141 397 JX.
1180 357 1322 412 mensis
1350 357 1480 406 Maii,
1519 372 1624 397 (cuno

335 446 361 470 ιι
396 429 438 470 C.
470 429 526 470 Ν
565 425 652 468 ΟΛ)
661 426 718 469 L)
734 428 1044 470 CCLXXXX.

438 502 613 542 Ioannes
649 499 900 555 G0‹I‹J'redus
928 499 1099 539 Iacobus
1128 498 1401 539 IIermcwmus.

173 592 270 634 Hoc
302 598 441 633 autem
472 590 587 644 quod
614 589 704 645 ipse
735 595 911 630 testatur
939 588 1160 629 eonsilium
1197 588 1280 630 diei
1317 588 1462 642 nequit
1499 602 1626 642 quam

168 662 343 704 mirifica
372 661 586 717 diligentia
614 675 690 716 per
718 661 866 716 viginti
896 661 1135 703 comoedias
1166 668 1385 702 exsecutus
1416 660 1490 710 sit,
1527 660 1624 701 fidei

168 740 210 775 et
247 733 461 789 religionis
498 748 574 788 per
609 733 859 788 longaevam
896 733 1025 774 vitam
1063 741 1177 774 tanta
1214 748 1310 775 eum
1346 732 1482 788 gloria
1510 746 1624 774 eom-

167 804 370 860 probatae
406 805 491 845 iam
528 811 616 844 tum
647 804 944 845 documentum
981 804 1108 845 edens
1146 804 1624 846 honorifieentissimum.

168 876 236 918 Ae
261 877 312 917 de
331 875 558 918 Reizianae
579 875 810 916 industriae
830 874 970 915 indole
989 875 1187 917 universa
1218 875 1318 917 satis
1347 875 1431 916 iam
1461 875 1626 916 aliunde

169 954 351 990 constat:
383 947 437 988 ad
465 947 642 988 Persam
670 962 829 1002 paucae
849 962 945 989 eum
964 948 1099 989 Reizii
1120 956 1210 989 tum
1229 948 1463 989 Hermanni
1484 961 1624 988 emen—

171 1018 361 1058 dationes
397 1017 628 1072 pertinent,
674 1017 784 1058 illius
826 1018 996 1071 quidem
1034 1018 1231 1060 metrieae
1274 1018 1540 1074 potissimum
1583 1017 1626 1058 in

168 1089 339 1131 canticis
371 1099 487 1130 aetus
518 1088 665 1142 quinti,
698 1103 877 1142 quarum
899 1097 1062 1144 partem
1087 1089 1326 1139 maximam,
1349 1098 1396 1130 ut
1418 1089 1626 1144 specimen

166 1168 370 1210 exstaret,
410 1161 453 1201 in
491 1161 760 1202 adnotatione
797 1161 1024 1216 perscripsi
1062 1176 1148 1202 non
1184 1161 1313 1202 nimio
1344 1161 1623 1202 emolumento

166 1241 326 1288 poetae.
366 1233 435 1274 Ex
465 1232 795 1274 Hei-mannianis
824 1240 1045 1288 potueram
1075 1233 1200 1274 etiam
1229 1233 1342 1274 illam
1370 1248 1624 1275 commemo-

166 1320 259 1346 rare
290 1320 417 1360 quam
447 1305 587 1346 versui
618 1306 697 1346 ‹55›ss
729 1304 940 1346 adhibuit:
971 1305 1082 1346 Eum
1111 1321 1179 1361 esso
1209 1313 1250 1346 ut
1278 1308 1483 1362 requiram
1512 1307 1626 1347 salire

166 1385 283 1432 (elque
312 1385 354 1418 ut
381 1378 577 1418 redimam
606 1377 719 1426 uolo,
751 1377 915 1417 tametsi
945 1377 1284 1432 probabilitatem
1315 1377 1470 1419 habere
1499 1392 1621 1433 nege.

167 1448 424 1504 Quanquam
454 1449 505 1490 de
535 1449 615 1490 hoe
643 1463 796 1504 genere
825 1450 1023 1490 universo
1054 1449 1112 1490 ita
1142 1449 1296 1499 sentio,
1328 1457 1373 1490 ut
1403 1450 1624 1503 haudqua-

165 1535 293 1574 quam
322 1528 465 1575 putem
495 1519 583 1560 sine
622 1520 785 1561 delectu
822 1520 1060 1576 evulganda
1096 1535 1209 1569 esse,
1249 1536 1356 1574 quae
1395 1520 1489 1574 quis
1529 1519 1623 1569 sibi,

165 1608 251 1633 non
281 1592 371 1633 aliis
402 1591 627 1647 scripserit.
686 1592 821 1646 quue
850 1608 935 1633 non
965 1593 1102 1633 minus
1133 1593 1281 1634 eadere
1311 1592 1354 1632 in
1383 1591 1624 1633 Lachman-

164 1665 290 1705 niana
319 1664 428 1705 volo,
487 1662 574 1715 Qui
610 1678 706 1704 eum
742 1663 878 1719 ipsam
916 1665 1092 1705 Persam
1128 1663 1314 1705 fabulam
1352 1665 1449 1704 item
1478 1664 1624 1704 leviter

164 1744 326 1777 tantum
363 1735 568 1791 attigerit,
606 1735 650 1776 in
688 1735 778 1776 aliis
817 1734 1103 1790 compluribus
1141 1735 1264 1790 longe
1294 1735 1501 1789 longeque
1529 1735 1624 1790 plus

164 1808 291 1849 studii
320 1823 367 1848 ae
403 1806 561 1848 laboris
599 1806 871 1861 consumpsit.
937 1805 1024 1847 Sed
1061 1807 1150 1847 eius
1189 1822 1339 1862 operae
1375 1806 1455 1847 alia
1491 1821 1623 1860 eaque

164 1887 225 1921 sat
264 1893 418 1934 magna
453 1892 552 1933 pars
590 1876 633 1917 in
670 1877 932 1932 excerpenda
967 1876 1198 1932 scripturae
1235 1876 1516 1931 discrepantia
1552 1891 1622 1917 eo-

164 1950 306 1992 dieuin
334 1950 626 1992 Palatinorum
656 1949 934 2003 editionisque
963 1949 1163 2004 principis
1194 1948 1398 1989 constitit:
1437 1947 1517 1987 alia
1547 1947 1624 1987 etsi

162 2022 206 2063 in
243 2020 504 2076 corrigendis
544 2020 774 2075 scripturae
812 2020 924 2061 vitiis
964 2028 1177 2069 versatur,
1218 2028 1355 2060 tamen
1394 2033 1518 2074 saepe
1557 2019 1621 2071 (id

162 2091 277 2147 quod
297 2092 422 2133 etiam
441 2092 484 2132 in
504 2091 639 2132 Persa
659 2090 808 2132 accidit
828 2090 1076 2143 identidem)
1108 2105 1157 2130 ea
1185 2089 1355 2130 inventa
1382 2089 1620 2144 progenuit,

162 2179 269 2218 quae
306 2163 471 2219 pridem
508 2163 561 2204 ab
600 2163 712 2211 aliis,
753 2178 933 2216 quorum
972 2170 1059 2202 tum
1097 2161 1227 2202 libros
1257 2177 1340 2202 non
1372 2161 1620 2209 consuleret,

162 2245 366 2293 occupata
400 2243 550 2278 essent.
616 2236 696 2279 Vel
735 2236 792 2277 sic
833 2246 970 2276 tamen
1007 2250 1091 2275 non
1123 2234 1266 2274 deesse
1297 2243 1622 2274 consentaneum

161 2316 244 2358 est,
287 2323 394 2362 quae
432 2323 527 2364 spes
566 2308 617 2349 sit
656 2324 740 2349 non
778 2307 1044 2349 mediocriter
1083 2306 1347 2361 quarundam
1384 2304 1620 2346 fabularum

161 2383 443 2425 emendationi
479 2383 701 2438 profutura
738 2397 828 2423 esse
866 2381 1018 2437 partim
1066 2380 1148 2421 iam
1192 2380 1399 2420 editarum
1437 2393 1461 2417 a
1497 2376 1620 2417 nobis

158 2456 315 2511 partim
346 2454 660 2496 tractandarum
691 2454 899 2508 deinceps.

268 2538 414 2580 Primo
447 2537 548 2578 tomi
581 2537 690 2579 tertii
720 2537 917 2578 fasciculo
949 2536 1214 2591 praemittere
1248 2544 1487 2581 statueram,
1515 2546 1621 2586 quae

159 2609 201 2650 in
233 2610 406 2651 secundi
439 2610 540 2651 tomi
570 2610 722 2652 fabulis
753 2609 818 2651 vel
850 2609 1102 2663 Corrigenda
1141 2608 1206 2649 vel
1243 2605 1436 2648 addenda
1475 2604 1619 2645 obser-

159 2697 337 2723 vassem.
410 2682 478 2723 Ea
521 2690 660 2724 tamen
704 2682 844 2723 omnia
882 2697 990 2723 nunc
1032 2681 1226 2737 intellego
1266 2679 1383 2720 alteri
1421 2677 1618 2720 fasciculo

158 2753 367 2794 servanda
396 2768 500 2804 esse,
533 2769 628 2796 eum
658 2753 869 2808 (plantivis
899 2753 1023 2808 pretii
1062 2752 1367 2794 admonitiones
1398 2750 1619 2805 (ptaedam,

158 2841 262 2880 quas
292 2825 519 2869 benevolae
551 2826 783 2869 amicorum
812 2826 1043 2868 industriae
1074 2833 1264 2881 acceptas
1294 2824 1495 2873 referam,
1541 2837 1616 2864 suo
