1757 3016
214 141 272 181 60
825 140 1044 181 PLAVTI
1362 143 1438 191 ΙΙΙ,
1453 142 1492 191 3,
1516 142 1677 184 17-29

217 257 335 298 Cedo
367 257 428 298 sis
458 259 511 298 mi
542 266 785 312 argentum:
816 258 870 299 ἀεὶ
899 260 997 300 mihi
1026 268 1263 313 argentum,
1293 263 1511 319 inpudens.

214 330 400 369 Possum
432 328 455 369 εἰ
485 336 527 369 te
557 333 734 384 exigere
764 330 1017 384 argentum?
1048 340 1268 385 argentum
1297 337 1462 391 inquzim
1494 340 1612 380 cedo.

216 399 326 449 Quin
357 396 401 439 ui
431 401 484 439 mi
515 407 734 454 argentum
764 399 940 444 re'ddis?
970 404 1080 442 nilne
1110 403 1153 443 te
1185 405 1313 456 pudet
1326 403 1348 445 ’ἔ

213 469 333 510 Lend
366 478 406 510 te
434 477 655 523 argentum
688 469 843 524 pdscit,
876 472 1011 512 solida
1042 472 1242 526 seruitus,
1594 479 1676 518 425

211 543 293 582 Pro
324 540 536 582 liberanda
566 540 726 584 amica:
760 551 807 584 ut
836 556 982 584 omnes
1013 542 1193 585 audiant.

795 629 831 667 Τ
851 640 875 668 0
894 642 923 668 x
940 642 954 669 1
971 642 997 669 L
1013 641 1043 669 v
1059 643 1091 669 s.

216 702 331 740 Tace
362 699 541 740 ‹ibsecro
574 701 741 743 hercle:
772 700 825 741 ue
857 710 925 741 tua
959 715 1042 742 uox
1073 703 1207 744 ualide'
1237 705 1361 744 ualet.

757 784 1117 824 DounALvs

213 854 483 896 Referundae
515 868 595 909 ego
628 857 763 897 habeo
794 855 980 910 linguam
1013 867 1150 899 natam
1183 858 1358 912 gretiae.

212 926 374 967 Eode'm
406 927 503 967 mihi
534 929 664 980 pretio
697 927 762 968 sai!
793 929 1058 981 praehibetur
1089 929 1170 982 qud
1203 931 1284 969 tibi.

211 999 305 1038 Nisi
338 1012 404 1038 me
434 998 540 1038 hae'c
572 999 785 1052 defendet,
818 997 1040 1053 numquam
1071 1000 1256 1053 delinget
1287 1004 1429 1042 saiem.
1587 1003 1668 1043 430

799 1083 833 1121 T
853 1094 876 1122 ο
897 1097 922 1122 x
940 1096 951 1122 1
970 1096 994 1122 ι.
1010 1096 1038 1123 v
1057 1098 1091 1123 s.

212 1152 298 1190 lam
329 1150 473 1191 omitto
506 1153 636 1191 iratus
669 1152 781 1192 esse.
814 1154 851 1193 id
883 1156 953 1194 tibi
984 1155 1228 1205 suscensui,

213 1220 321 1270 Quia
352 1219 393 1260 te'
425 1222 614 1274 negabas
646 1222 822 1263 cre'dere
853 1223 1071 1278 argentum
1104 1227 1215 1265 mihi.

779 1308 1107 1349 DORDALvs

211 1384 366 1426 Mirum
398 1388 493 1441 quin
527 1388 596 1428 tibi
627 1401 708 1442 ego
740 1389 972 1444 cre'derem5
1007 1399 1051 1432 ut
1082 1394 1190 1434 idem
1223 1392 1265 1434 ui
1296 1396 1390 1434 mihi

216 1457 418 1510 Faceres,
447 1458 557 1511 quod
588 1461 746 1511 passim
779 1458 934 1501 fuciunt
967 1461 1213 1516 argentdrii:

327 1664 412 1697 422.
440 1664 559 1697 Coedo
584 1665 693 1699 Bc.
718 1669 803 1710 cedo
829 1667 926 1701 Dz
1091 1672 1282 1709 arguntum
1309 1671 1352 1700 da
1379 1669 1457 1701 mihi
1481 1675 1668 1712 argentam

216 1724 309 1759 Ba
438 1734 511 1757 1⁸1².
535 1735 609 1766 pro
635 1726 714 1766 imp.
740 1726 782 1760 A
919 1727 1095 1760 ceterum
1122 1729 1214 1760 haec
1239 1730 1275 1760 et
1297 1729 1482 1769 promima
1507 1739 1591 1763 cum
1616 1727 1671 1763 εἷς

210 1785 437 1825 perscripta
465 1787 588 1817 essent
612 1785 652 1817 in
676 1785 768 1819 Da

297 1846 391 1890 Cedo
419 1846 567 1878 mmihi
592 1851 776 1888 argentum
803 1847 944 1888 inquam
971 1851 1057 1895 cedo
1084 1851 1163 1890 quin
1189 1854 1224 1882 tu
1251 1850 1329 1882 mihi

301 1907 495 1948 Argentum
521 1908 641 1939 reddis
662 1907 787 1940 nihilui
815 1913 849 1941 te
875 1906 1008 1949 pudet?
1034 1912 1115 1943 leno
1140 1917 1175 1943 te
1199 1917 1386 1954 argentum
1412 1912 1523 1952 poscit

211 1971 360 2003 omissis
392 1970 526 2002 mediis
560 1970 681 2010 (quae
713 1980 879 2010 prorsus
904 1972 959 2003 ita
986 1973 1230 2004 transierunt
1253 1972 1290 2004 in
1317 1972 1371 2012 Z,
1405 1973 1479 2004 nisi
1502 1973 1601 2014 quod
1625 1981 1669 2004 ea

208 2036 411 2073 argentum.
437 2036 623 2072 argentum
650 2032 685 2063 et
711 2033 796 2063 cedo
822 2033 930 2064 habet
955 2042 987 2063 υ.
1012 2033 1183 2074 priore),
1209 2034 1296 2073 post
1319 2033 1466 2064 medius
1490 2033 1667 2073 interpo-

206 2093 306 2125 situs
331 2094 385 2124 est
409 2102 433 2124 α
459 2092 546 2126 Db
571 2093 632 2125 Ιιίσ
656 2102 813 2124 versus:

296 2153 450 2195 Exigere
476 2159 680 2195 argentum.
707 2158 895 2196 argentum
922 2155 1060 2195 inquam
1090 2156 1177 2186 cedo
1204 2154 1284 2194 quin
1311 2158 1347 2186 tu
1375 2155 1474 2186 mibi:

214 2215 312 2247 unde
336 2215 428 2246 haec
453 2216 628 2247 manavit
652 2216 857 2262 eorundem
886 2216 925 2247 in
950 2214 1001 2248 F
1018 2215 1182 2256 species:

647 2295 734 2325 cedo
761 2292 808 2324 sis
828 2267 858 2324 iii
885 2295 1070 2334 argentum
1097 2292 1237 2332 inquam
1264 2294 1352 2324 cedo
1377 2294 1457 2333 quin
1484 2295 1520 2324 tu
1548 2291 1625 2323 mihi

297 2354 494 2393 Argentum
519 2352 636 2384 reddis
657 2353 738 2383 nihil
764 2361 806 2384 ne
831 2354 936 2392 pudet
961 2352 1042 2392 quin
1069 2356 1104 2384 tu
1133 2353 1212 2384 mihi
1237 2353 1384 2394 exigere
1408 2357 1598 2394 argentum

299 2415 498 2453 Argentum
525 2413 663 2453 inquam
689 2415 796 2445 cedo:
822 2413 902 2445 leno
929 2416 962 2445 te
987 2417 1174 2454 argentum
1200 2413 1310 2453 poscit

218 2475 312 2508 Cum
328 2473 668 2509 BcconvenitA
758 2475 842 2506 423.
869 2474 1047 2508 coedoB
1137 2474 1224 2506 424.
1249 2476 1339 2515 post
1360 2474 1480 2506 reddis
1499 2474 1668 2515 spatium

208 2535 263 2570 B
354 2535 486 2567 nihilne
502 2536 680 2575 Pylades.
706 2536 791 2567 nibil
818 2535 854 2567 ni
878 2537 994 2568 etiam
1018 2534 1120 2569 Bc
1231 2535 1318 2566 425.
1345 2535 1451 2566 solita
1474 2534 1584 2569 Dz.
1611 2534 1670 2568 so·

209 2614 311 2646 licita
334 2612 384 2647 F
492 2613 577 2645 428.
601 2587 819 2663 Βρίετιιηᾱῑθ
842 2612 898 2647 Β
1009 2586 1145 2663 gracie
1170 2611 1223 2645 B
1334 2611 1420 2644 429.
1445 2612 1670 2653 praehibetur

211 2672 261 2707 θ.
290 2674 493 2714 prehibetur
510 2674 579 2708 B.
602 2675 808 2714 perhibetur
825 2672 985 2707 ΒΕΖ.
1008 2672 1157 2714 partim
1181 2672 1367 2715 proibetur
1387 2672 1537 2713 partim
1560 2681 1667 2714 prae-

211 2735 352 2768 hibetur
375 2736 483 2769 codd.
509 2737 687 2769 Lambini
853 2736 940 2769 430.
965 2737 1125 2778 delinget
1148 2735 1211 2770 B.
1236 2736 1418 2778 delinquet
1440 2736 1582 2778 reliqui

296 2797 382 2830 431.
409 2797 591 2831 subcensui
615 2798 669 2834 F.
696 2807 896 2831 st'scnxsm
922 2799 1037 2832 etiam
1064 2798 1105 2833 A
1218 2799 1304 2831 433.
1327 2802 1364 2831 tu
1389 2797 1452 2833 Β.
1479 2806 1549 2831 om.
1575 2797 1668 2831 libri
