1757 3016
180 160 233 200 10
794 154 1019 196 PLAv'm
1372 149 1635 203 1‚1,31-35

773 276 808 315 Τ
824 287 849 316 ο
861 288 890 316 x
902 288 917 315 1
929 287 955 315 L
967 285 1047 314 vs„

180 353 227 393 Si
256 348 346 392 tute
376 349 448 390 tibi
476 349 583 389 bene
613 346 714 387 esse
742 351 842 399 pote
870 343 971 399 pati,
1002 346 1126 386 uenit
1156 343 1275 385 uiues
1303 343 1492 386 me'cum:
1577 342 1636 384 30

179 425 366 466 Basilico
397 421 608 475 accipiere
639 421 767 461 uictu.

723 493 755 533 S
773 502 804 531 A
816 503 841 530 G
854 501 884 530 Α
897 502 926 530 R
937 502 951 529 1
963 501 985 529 s
996 501 1021 529 Τ
1032 501 1046 528 1
1060 501 1098 530 ο.

765 562 879 615 vaih,
913 563 994 602 iam
1022 560 1224 613 scapulae
1251 554 1457 611 pruriunt,

180 641 295 692 Quia
325 644 366 679 te
396 637 531 679 istaec
559 633 702 677 audiui
728 634 851 687 loqui.

765 708 801 746 Τ
818 717 842 746 ο
857 718 886 746 x
901 717 915 745 1
930 716 956 745 L
972 715 1004 744 v
1019 715 1054 743 s.

745 779 826 821 Set
855 777 938 817 hoc
967 772 1091 815 tinum
1122 772 1350 813 excruciat.

719 860 795 901 SA
810 869 1091 900 GAR1sT10.

1228 925 1436 977 Quidnam
1467 926 1506 968 id
1537 926 1636 969 est?

762 1000 798 1038 Τ
816 1011 841 1039 ο
857 1013 885 1039 x
901 1011 915 1038 ι
931 1010 958 1039 ι
975 1011 1005 1038 v
1020 1011 1057 1040 s,

182 1075 308 1117 Haec
340 1074 431 1116 dies
460 1085 625 1115 summa
654 1071 840 1125 hddiest,
871 1083 965 1111 mea
996 1071 1050 1110 mi
1080 1067 1215 1110 amica
1246 1070 1354 1110 sitne
1383 1067 1530 1121 libera,

183 1149 249 1187 An
279 1145 576 1198 sempiternam
608 1141 858 1183 seruitutem
887 1139 1058 1181 se'ruiat.

722 1224 1100 1264 SAGARISTlo.

1062 1294 1174 1346 Quid
1207 1292 1344 1347 e'rgo‘?

275 1490 377 1523 Sicut
401 1491 434 1520 et
460 1488 520 1521 tibi
545 1489 630 1520 bene
654 1487 724 1520 esse
756 1492 841 1528 pote
872 1487 944 1527 pati
977 1486 1058 1519 ueni
1092 1486 1190 1518 uiues
1217 1494 1331 1518 meum
1364 1483 1512 1516 basilico
1543 1483 1638 1517 acci-

1213 1546 1307 1586 piere
1333 1545 1444 1578 uictu.

275 1612 423 1644 Vaiham
448 1611 613 1651 scapulae
638 1608 801 1650 pruriunt
825 1608 907 1650 quia
933 1610 969 1639 te
994 1607 1059 1639 ista
1083 1616 1122 1639 ec
1146 1606 1265 1639 audiui
1289 1605 1399 1647 loqui.

273 1674 345 1705 Sed
369 1674 435 1704 hoc
459 1681 571 1703 meum
598 1670 834 1703 amexcrucia.
903 1669 1067 1709 quidnam
1093 1667 1125 1699 id
1150 1663 1226 1699 eft?

274 1733 373 1764 Haec
399 1733 441 1762 de
468 1731 599 1762 summa
622 1730 723 1761 hodie
748 1729 798 1760 est
821 1737 898 1760 mea
922 1728 1035 1759 amica
1057 1727 1144 1758 sitne
1168 1727 1282 1758 libera

272 1793 328 1824 An
353 1792 598 1832 sempiternam
624 1790 825 1823 seruitutem
851 1790 995 1822 seruiat.
1021 1789 1101 1830 quid
1126 1797 1219 1820 nunc
1246 1788 1299 1819 uis
1320 1782 1436 1829 ergo?

188 1856 249 1887 26.
275 1862 362 1895 ergo
387 1853 502 1885 etiam
528 1850 711 1885 CDFz
867 1850 962 1881 disne
988 1848 1141 1883 GDZ.
1166 1848 1276 1880 diisne
1299 1847 1351 1882 F
1494 1848 1643 1880 aduorse

186 1916 290 1950 (ΧΗ.
316 1913 485 1946 aduorser
508 1912 598 1946 Fz
723 1912 811 1952 quas
835 1910 879 1944 Z
1006 1910 1104 1943 taaui
1130 1909 1177 1943 C.
1204 1909 1323 1949 tytani
1347 1907 1398 1942 F
1515 1908 1648 1946 eisJdir

188 1974 376 2011 cDFz
502 1974 679 2007 Ceterum
702 1967 905 2004 adum-ser?
930 1971 1031 2012 quasi
1057 1970 1174 2003 Titani
1198 1978 1275 2002 cum
1300 1968 1645 2011 interpunyebalur

186 2040 276 2070 ante
290 2036 467 2069 Botliium
579 2035 640 2067 27.
666 2033 871 2067 iambicum
892 2034 935 2064 ut
955 2041 989 2064 v.
1010 2033 1062 2064 38
1084 2030 1259 2072 praetuli
1283 2029 1480 2062 trochaico
1505 2027 1644 2071 Quibus

185 2103 244 2132 sat
271 2108 350 2130 esse
376 2095 445 2129 ut'm
471 2104 593 2136 queam
732 2095 804 2126 esse
831 2092 1019 2127 GDFz
1166 2092 1229 2123 28.
1254 2095 1292 2123 ut
1315 2098 1416 2122 meae
1442 2089 1643 2123 cDFz.

186 2160 324 2192 ulmeae
339 2156 545 2189 scutarius
649 2158 840 2195 cataputae
857 2154 998 2188 clla.
1022 2155 1187 2193 catapute
1203 2151 1259 2185 z.
1284 2151 1494 2192 catapultae
1509 2149 1648 2184 DeF

275 2220 483 2260 transfigant
507 2218 603 2249 latur
626 2215 810 2250 anz
952 2216 1011 2246 29.
1039 2214 1163 2245 basslic
1187 2213 1279 2247 Da
1423 2211 1524 2253 agito
1552 2209 1644 2245 CB

186 2280 291 2316 ΓΖ.
318 2289 389 2320 ago
414 2278 576 2311 Botlaeius
719 2276 820 2317 quia]
834 2275 891 2316 qui
918 2274 1118 2308 Charisius
1139 2283 1177 2315 p.
1208 2272 1283 2305 189
1430 2271 1572 2313 peregri
1596 2271 1646 2303 eft

190 2341 401 2375 Charisius.
428 2347 580 2381 peregre
605 2339 655 2370 est
679 2337 771 2371 libri
887 2340 922 2369 tu
948 2346 1094 2378 peregre
1120 2336 1172 2368 est
1197 2334 1289 2368 libri
1423 2334 1483 2366 30.
1507 2332 1548 2365 Si
1572 2334 1646 2365 tute

187 2402 248 2434 tibi
275 2401 537 2433 Camerarius.
569 2399 624 2431 Sit
655 2402 693 2431 ut
725 2398 781 2430 tibi
811 2397 914 2431 ΟΒ.
947 2397 1008 2430 Sic
1038 2400 1076 2429 ut
1109 2397 1170 2429 tibi
1202 2395 1308 2430 Fz.
1341 2394 1463 2428 Sicubi
1496 2393 1559 2426 tibi
1583 2392 1647 2425 ‘em

185 2462 349 2495 sinceris
372 2460 672 2502 exemplaribus’
698 2459 791 2492 Pius
926 2461 1007 2498 pote
1034 2457 1136 2492 ΟΒ.
1164 2458 1266 2498 potes
1285 2456 1376 2491 Fz
1508 2462 1645 2487 mecum

189 2520 373 2556 CDFz
506 2521 563 2553 De
588 2518 783 2551 trochaico
809 2517 1012 2550 octonario
1036 2517 1230 2560 quispiam
1255 2513 1393 2557 coyi'let
1416 2513 1512 2546 tali:

321 2581 412 2615 Tute
437 2581 468 2615 si
491 2582 552 2615 tibi
577 2579 664 2614 bene
690 2589 768 2613 esse
793 2584 876 2621 pote
899 2577 987 2621 pati,
1014 2579 1113 2611 ueni:
1139 2579 1228 2610 bene
1254 2575 1353 2609 uiues
1377 2584 1512 2608 mecum

277 2643 336 2676 31.
361 2643 526 2684 accipere
553 2642 594 2676 0
758 2642 825 2673 uah
850 2640 915 2672 iam
946 2637 1129 2673 CDFz
1310 2637 1450 2678 scapule
1476 2635 1519 2670 C

329 2709 391 2739 32.
417 2709 484 2740 hoc
510 2716 616 2739 unum
642 2704 826 2738 excruciat
849 2703 913 2738 R.
938 2705 1004 2736 hoc
1028 2712 1081 2735 me
1107 2711 1212 2734 unum
1239 2700 1402 2734 exon-ntia
1427 2699 1478 2734 C.
1502 2699 1570 2732 hoc
1594 2707 1647 2730 me

189 2776 296 2801 unum
321 2766 489 2799 excrucia
512 2766 616 2800 Da.
641 2768 707 2800 hoc
732 2774 788 2798 me
812 2773 919 2798 unum
945 2763 1133 2797 excruciat
1156 2760 1338 2797 Del'z
1485 2761 1546 2793 33.
1574 2758 1651 2792 diet

191 2828 455 2863 Camerarius.
480 2829 524 2861 de
548 2828 641 2861 libri
752 2828 804 2860 est
829 2826 920 2859 libri
1032 2826 1076 2859 mi
1102 2824 1165 2860 R.
1191 2833 1263 2858 om.
1288 2822 1380 2856 libri
1482 2820 1541 2854 34.
1566 2819 1647 2862 quid
