1757 3016
201 144 250 184 14
807 146 1028 186 PnAv‘rt
1420 147 1650 198 1‚2,3-1o

198 263 308 303 Nam
340 261 564 315 numquam
595 264 814 322 quisquam
847 261 1034 306 meorum
1068 264 1264 306 maiorum
1295 268 1387 321 fuit,
1595 270 1650 308 55

199 335 310 383 Quin
340 332 607 387 parasitando
634 333 819 387 peiuerint
849 334 1007 376 uentris
1036 348 1151 376 suos.

198 404 342 457 Pate'r,
373 417 495 457 auos,
528 418 727 459 proauos,
756 405 930 458 albanos,
960 412 1128 457 atauoS,
1157 405 1334 449 tritauos

200 474 334 524 Quasi
363 471 501 514 mures
527 487 696 527 semper
725 475 849 516 edere
879 474 1060 516 alienum
1091 477 1237 517 cibum.

198 545 355 597 Neque
385 544 593 587 edacitate
623 560 698 587 eos
729 545 950 610 quisquam
983 554 1146 599 poterat
1175 546 1366 589 uincerze

202 617 355 669 Neque
385 615 708 670 cognomentum
739 619 774 657 is
805 608 917 658 duris
946 618 1024 658 fuit
1054 617 1328 671 capitonibus.
1592 625 1649 664 60

197 689 327 730 Vnde
360 688 470 730 hunc
499 705 582 745 ego
613 698 833 744 quaestum
866 689 1034 744 optineo
1063 698 1105 732 et
1133 691 1334 733 maiorum
1356 694 1542 737 lucrum:

198 760 301 800 Sine
332 755 427 800 meo
458 763 611 813 periclo
643 765 700 802 ire
731 761 866 802 {iliona
896 759 1082 815 ereptum
1112 763 1233 803 bona.

197 831 353 884 Neque
381 832 649 886 quadruplari
680 832 747 873 me'
777 834 896 875 uolo:
926 847 1063 887 neque
1094 832 1203 874 enim
1236 834 1375 887 decet,

197 903 350 955 Neque
378 901 437 943 illi
463 904 531 957 qui
555 894 729 956 Rciunt,
762 903 858 945 mihi
889 906 1066 958 placent.
1098 904 1250 957 planen
1278 906 1455 958 loquor?

197 977 310 1017 Nam
340 973 535 1029 puplicae
564 978 623 1018 rei
653 975 782 1018 emisa
814 978 1064 1035 quicumque
1093 976 1134 1018 1'd
1165 978 1265 1019 facit
1598 983 1653 1021 65

201 1049 343 1101 Magis
371 1062 495 1102 quam
525 1052 592 1089 sui
623 1050 804 1101 quaesti,
835 1062 928 1089 eum
957 1047 1121 1089 &inimus
1151 1047 1290 1089 induci
1319 1056 1461 1102 potest

200 1118 346 1158 Ciuem
381 1118 423 1159 et
454 1119 619 1159 fidelem
651 1131 750 1159 esse
782 1119 824 1159 e't
855 1120 1006 1159 bonum
1036 1118 1100 1170 [et
1131 1117 1247 1172 frugi
1277 1120 1446 1171 uirum}

199 1190 278 1231 Set
307 1187 349 1229 n1'
378 1189 607 1243 legirupam
641 1188 821 1242 damnet,
853 1190 922 1230 det
956 1191 994 1229 in
1026 1187 1234 1242 puplicum
1292 1241 1296 1247 .

287 1445 345 1475 55.
372 1452 533 1476 maorum
559 1443 613 1477 Β
715 1446 776 1476 56.
803 1444 935 1476 uei-tris
954 1444 1020 1478 Β.
1046 1445 1190 1476 uentres
1214 1440 1361 1477 CDZ.
1387 1443 1506 1474 uetres
1525 1439 1576 1475 F

198 1504 473 1539 57.attau0sl'
547 1506 907 1538 osterminationem
921 1508 1079 1538 servant
1092 1506 1183 1538 libri
1196 1506 1419 1538 constanter
1497 1505 1554 1536 59.
1570 1506 1655 1536 eda-

198 1565 303 1598 titate
327 1565 383 1599 Β
503 1570 662 1606 poterat]
674 1569 869 1608 exspectes
895 1568 1012 1607 potuit
1147 1566 1205 1597 60.
1232 1566 1297 1597 Sic
1322 1564 1388 1599 R.
1414 1566 1502 1605 Neq3
1527 1565 1570 1595 iis
1590 1573 1655 1595 co-

197 1629 430 1666 gnomentum
457 1630 533 1659 erat
557 1628 654 1659 duris
675 1628 899 1667 capitonibus
919 1628 985 1663 Β.
1018 1629 1085 1660 Vbi
1110 1637 1219 1668 neque
1251 1628 1317 1659 hiis
1343 1627 1447 1668 CB,
1472 1635 1582 1667 neque
1607 1626 1662 1657 hil*

197 1685 312 1725 ΡΖ,
337 1687 498 1727 Namque
525 1687 564 1718 iis
585 1688 689 1728 Pius,
715 1687 777 1718 His
805 1688 1056 1720 Camerarius
1074 1706 1114 1712 —
1135 1696 1335 1729 cognomen
1360 1693 1436 1719 erat
1460 1686 1550 1718 olim
1575 1687 1657 1718 Bo-

197 1747 298 1779 tht'us
320 1765 358 1770 ——
382 1750 459 1779 erat
481 1756 551 1779 om.
569 1745 759 1782 GDFz.
779 1745 902 1788 Neque
924 1753 1197 1789 cognomentum
1219 1751 1295 1779 erat
1317 1747 1368 1779 his
1391 1749 1422 1778 d.
1444 1755 1473 1778 c.
1498 1746 1658 1778 Botleae’us

197 1816 332 1848 nuper.
350 1808 537 1847 Spectare
549 1807 765 1840 versiculus
779 1808 829 1839 ad
853 1807 1021 1839 alicuius
1037 1807 1239 1848 Capitonis
1266 1806 1441 1846 (Fonteii
1463 1807 1657 1849 fortasse)

199 1867 383 1900 duritiem
409 1869 444 1899 et
467 1867 507 1900 in
532 1867 635 1900 victu
661 1868 936 1900 continentiam
959 1868 1113 1899 videtur
1223 1868 1282 1899 61.
1307 1869 1400 1899 hunc
1424 1876 1491 1907 ego
1519 1866 1657 1899 Game-

197 1927 346 1960 rarius.
372 1937 439 1968 ego
464 1929 555 1960 hunc
581 1928 674 1960 libri
829 1929 985 1970 questum
1014 1929 1055 1963 Ο
1196 1929 1339 1969 optineo
1363 1939 1437 1970 pro
1464 1929 1534 1961 obt.
1557 1927 1665 1962 BF

297 1979 453 2037 maorem
476 2004 542 2041 B.
567 2004 706 2054 maiore,
734 2006 775 2038 C
861 2006 998 2038 lucrum
1024 2005 1086 2040 R.
1113 2007 1230 2038 locum
1257 2006 1348 2038 libri
1452 2006 1509 2037 62.
1527 2007 1573 2037 63
1588 2006 1656 2037 hoc
1680 2043 1686 2049 l

200 2063 338 2095 ordine
362 2064 562 2106 Scaliyer:
588 2065 740 2098 inverso
766 2065 857 2098 libri
1007 2067 1163 2105 periculo
1191 2066 1282 2098 libri
1418 2066 1473 2111 ire
1493 2066 1548 2100 D

198 2123 336 2155 alienae
359 2127 499 2164 reptum
525 2125 589 2159 Β.
615 2126 730 2174 aliene
752 2128 890 2166 reptum
919 2126 1048 2160 vlla
1138 2127 1267 2166 planen
1293 2126 1359 2160 Β.
1387 2127 1492 2166 plane
1517 2126 1658 2168 reliqui

198 2182 280 2214 sine
304 2183 607 2225 interroqatione
752 2185 882 2225 loquar
909 2185 951 2219 C
971 2187 1061 2217 ante
1085 2194 1188 2218 corr.
1337 2187 1384 2216 65
1410 2194 1486 2228 sqq.
1511 2194 1654 2226 parum

197 2258 368 2301 feliciter
392 2261 581 2293 tractavit
606 2261 807 2294 Acidalius
920 2263 1083 2303 puplicae
1111 2262 1157 2296 C.
1186 2262 1323 2302 publice
1349 2261 1403 2296 Β
1515 2237 1598 2295 ezra
1620 2262 1662 2296 (7

287 2319 496 2360 quicumque
521 2320 585 2355 Β,
612 2321 752 2362 quicum
778 2322 928 2364 reliqui.
956 2322 1013 2363 qui
1038 2331 1109 2354 non
1139 2322 1307 2361 Pylades
1399 2323 1456 2354 66.
1484 2331 1562 2355 eum
1588 2322 1651 2357 R.

200 2387 272 2410 om.
298 2379 367 2410 Ιιοε
392 2380 476 2411 loco
504 2380 597 2412 libri
730 2382 822 2413 haud
846 2381 982 2413 animus
1003 2381 1171 2420 Pylades
1307 2382 1366 2412 67.
1392 2382 1458 2413 Sic
1480 2380 1542 2416 R.
1568 2382 1657 2413 Eum

199 2439 270 2470 esse
295 2439 408 2471 ciuem
433 2443 469 2471 et
493 2440 628 2472 fidelem
654 2444 687 2473 et
712 2442 953 2476 bonumBz
970 2444 1006 2474 et
1031 2443 1167 2474 omisso
1193 2443 1320 2474 altero
1346 2447 1378 2474 et
1395 2441 1541 2476 (ΓΒΕ
1567 2442 1657 2474 Eum

199 2501 236 2530 et
259 2499 393 2531 fidelem
419 2500 533 2532 ciuem
558 2510 636 2533 esse
661 2506 694 2534 et
721 2501 833 2533 uirum
859 2503 988 2535 bonum
1016 2503 1219 2535 Acidatius
1371 2504 1428 2536 68.
1453 2505 1517 2536 Set
1541 2503 1576 2536 ni
1600 2505 1659 2536 le-

200 2559 360 2600 girupam
386 2561 526 2591 damnet
549 2559 611 2594 R.
638 2560 710 2593 Sed
736 2562 760 2592 si
786 2561 868 2602 lege
892 2570 1048 2602 rumpam
1075 2562 1133 2603 qui
1158 2564 1297 2609 damnet
1321 2563 1396 2596 B.-
1421 2563 1461 2595 in
1489 2572 1559 2603 quo
1583 2572 1656 2604 po-

199 2619 270 2650 test
296 2619 412 2651 etiam
437 2619 509 2652 Sed
533 2620 567 2652 ni
590 2620 622 2652 is
640 2622 701 2653 vel
727 2620 799 2653 Sed
824 2621 890 2653 nisi
914 2623 1050 2654 latere.
1075 2622 1132 2654 l‘ed
1158 2604 1243 2664 &e
1267 2633 1425 2664 rumpam
1446 2625 1586 2665 quidam
1612 2632 1655 2656 ne

203 2678 305 2713 OD.
331 2679 386 2711 sed
410 2681 608 2721 legirupam
633 2682 770 2723 quidam
796 2691 839 2714 ne
862 2681 962 2716 Fz.
994 2685 1055 2715 sed
1087 2684 1252 2726 legirupa
1282 2685 1340 2725 qui
1365 2685 1456 2717 clam
1480 2693 1524 2716 ne
1548 2683 1653 2718 Pius.

199 2743 264 2773 sed
287 2742 486 2783 legirupam
511 2743 645 2784 quidem
671 2744 707 2776 ni
731 2745 952 2777 Saracenas
1144 2747 1204 2777 det
1227 2754 1301 2786 qua
1325 2746 1478 2778 ratione
1502 2746 1657 2788 defendi

199 2802 336 2845 possit,
367 2802 451 2835 dimi
476 2805 581 2836 Prol.
609 2804 715 2837 Trin-
748 2814 788 2846 p.
821 2813 1036 2838 cssxxxnt:
1074 2805 1220 2847 alioqui
1251 2807 1309 2839 det
1340 2806 1368 2839 is
1401 2806 1549 2840 licebat.
1582 2806 1657 2839 duit
