1752 2968
151 176 260 218 VIII

274 296 342 337 Ex
373 295 436 336 his
467 294 632 351 paginis
663 294 868 348 quaedam
900 300 1010 343 sunt,
1041 308 1148 348 quae
1179 294 1331 348 quibus
1361 295 1426 335 vel
1455 294 1607 336 finibus

154 369 219 410 vel
249 368 377 409 initiis
410 368 506 417 sint,
539 365 752 407 adnotatio
783 365 932 406 doceat
961 365 1015 406 ad
1044 380 1084 406 v.
1115 366 1180 406 26.
1212 366 1291 407 59ss
1321 366 1413 420 (ubi
1437 382 1522 407 non
1545 373 1608 407 est

152 441 439 497 neglegendus
477 439 758 495 transpositus
796 438 848 479 de
885 452 982 493 pag.
1023 437 1100 477 102
1131 437 1175 477 in
1206 437 1282 477 101
1315 452 1461 478 versus
1492 438 1606 489 594).

153 516 246 556 673.
288 516 386 556 725ε
426 514 607 553 duarum
645 519 783 553 autem
821 510 1009 560 illarum,
1054 509 1097 550 in
1136 524 1240 563 quas
1278 509 1423 550 incidit
1460 524 1607 550 versus

152 588 247 635 272,
268 584 447 626 confinia
465 583 604 639 paullo
627 583 828 632 curatius,
858 597 910 624 ne
939 581 1042 636 quid
1072 579 1345 622 dubitationis
1375 587 1516 628 restet,
1549 580 1608 619 sie

151 659 229 699 hoe
258 659 349 698 loeo
381 657 663 697 declaramus:

150 745 190 784 p.
214 729 294 769 130
348 736 1535 773 PENSL‘IDIEIDIQUODDATUMSTCONFECINUNCDOMI'II

149 832 189 872 p.
214 818 293 857 113
888 824 1607 857 PROPEnAsnam:E‘rsiPnoI‘ImAs

149 888 234 931 Vbi
248 901 619 930 PROPERASMANE
639 895 812 943 apparet.
827 896 971 928 natum
988 903 1079 928 esse
1099 886 1448 928 ePROI’ERO.SA.
1463 898 1606 927 MANE.

261 961 460 1003 Ceterum
482 970 566 1002 tam
588 962 705 1001 varia
726 961 915 1015 singulae
936 960 1205 1000 membranae
1227 958 1472 1000 condicione
1495 965 1605 1006 sunt,

149 1045 195 1075 ut
223 1034 423 1090 pristinae
463 1034 693 1089 scripturae
730 1049 906 1088 prorsus
943 1032 1046 1073 nihil
1083 1032 1208 1073 hodie
1240 1039 1451 1086 superstes
1483 1031 1535 1071 sit
1564 1030 1607 1070 in

148 1106 313 1161 paginis
346 1107 435 1145 129.
470 1107 562 1145 144.
596 1107 686 1145 152.
721 1106 811 1146 153.
846 1105 947 1154 154,
987 1104 1088 1144 item
1125 1103 1168 1144 in
1196 1118 1236 1158 p.
1271 1103 1349 1142 108
1386 1110 1504 1157 parte
1536 1116 1606 1142 su-

148 1178 335 1232 periore,
374 1191 506 1231 prope
545 1176 648 1216 nihil
686 1175 729 1215 in
766 1191 806 1230 p.
841 1176 938 1216 151:
977 1190 1111 1229 pauca
1140 1174 1221 1229 legi
1250 1173 1464 1229 potuerint
1493 1173 1534 1213 in
1564 1187 1605 1227 p.

151 1250 240 1290 105.
266 1250 356 1289 106.
382 1249 458 1288 107
483 1246 712 1302 superiore,
747 1247 824 1286 108
846 1246 1063 1286 inferiore:
1095 1246 1225 1286 multo
1245 1246 1368 1301 plura
1387 1245 1429 1286 in
1449 1261 1489 1300 p.
1514 1246 1606 1285 130.
1655 1242 1658 1245 ’

149 1322 242 1361 327.
276 1322 367 1360 127.
401 1321 492 1360 128.
527 1319 617 1358 143.
652 1318 750 1358 103:
782 1318 847 1358 vel
875 1317 1074 1372 pleraque
1105 1317 1170 1358 vel
1201 1318 1342 1359 onmia
1371 1318 1414 1358 in
1444 1318 1606 1359 ceteris.

255 1393 305 1433 In
335 1391 648 1446 deperditarum
679 1400 817 1431 autem
846 1389 1187 1431 membranarum
1215 1390 1370 1430 B—II
1391 1389 1609 1430 intervalla

148 1482 243 1507 eum
271 1466 437 1507 fabulae
466 1474 607 1521 partes
638 1475 826 1505 servatae
859 1472 921 1504 sat
953 1464 1171 1505 commode
1194 1463 1457 1512 conveniant,
1480 1463 1607 1503 modo

148 1537 190 1578 iu
220 1537 300 1578 illis
328 1536 607 1591 potissimum,
639 1550 744 1589 quas
775 1534 1033 1589 signavimus
1063 1535 1112 1575 F.
1141 1533 1191 1583 G,
1213 1534 1418 1589 plurimos
1448 1533 1606 1574 maiore

149 1607 309 1648 ambitu
346 1622 494 1647 versus
529 1605 716 1661 potuisse
756 1604 951 1645 bifariam
993 1604 1151 1645 divisos
1192 1620 1282 1645 esse
1324 1604 1606 1660 reputaveris:

149 1688 191 1720 at
220 1679 327 1719 mira
357 1678 463 1718 ratio
494 1686 557 1718 est
586 1685 794 1717 extremae
824 1675 990 1716 fabulae.
1019 1675 1173 1731 partis,
1212 1691 1344 1730 eaque
1382 1676 1606 1731 persimilis

148 1751 236 1792 eius
267 1765 394 1804 quam
424 1750 465 1790 in
506 1749 767 1791 Mostellaria.
797 1748 1026 1803 disceptari
1070 1749 1200 1803 praef.
1243 1764 1284 1803 p.
1315 1761 1346 1789 x
1378 1764 1438 1802 sq.
1496 1747 1607 1789 Nam

149 1823 219 1877 qui
248 1830 342 1878 post
372 1821 570 1878 paginam
601 1823 703 1871 340,
742 1821 784 1861 in
823 1836 907 1875 qua
944 1821 1231 1874 quaternionis
1267 1829 1368 1862 nota
1402 1821 1607 1863 LXXIII

147 1895 380 1950 perscripta
409 1904 484 1943 est,
515 1894 664 1948 reliqui
696 1906 790 1935 sunt
820 1894 984 1936 fabulae
1013 1910 1159 1936 versus
1181 1895 1345 1936 circiter
1366 1908 1488 1945 CXVI,
1511 1911 1605 1937 cum

147 1981 230 2006 non
250 1966 410 2021 possint
433 1965 611 2020 amplius
633 1981 759 2018 quam
780 1976 938 2021 septem
968 1977 1114 2007 octove
1143 1966 1393 2021 paginarum
1425 1968 1605 2022 spatium

148 2039 399 2094 explevisse,
448 2047 586 2080 tamen
625 2038 817 2093 proxima
858 2038 901 2079 in
938 2037 1226 2080 Ambrosiano
1265 2038 1408 2080 codice
1446 2038 1603 2087 fabula,

148 2125 254 2164 quae
285 2120 345 2151 est
376 2109 636 2158 Pseudulus‚
674 2124 758 2150 non
797 2109 839 2150 in
877 2110 1015 2150 medio
1056 2110 1328 2163 quaternione
1360 2110 1604 2159 LXXIIII,

152 2183 226 2223 sed
257 2182 298 2222 in
328 2180 506 2225 LXXV
543 2180 713 2220 demum
751 2180 907 2235 incipit.
976 2180 1033 2223 Vt
1070 2182 1376 2236 propemodum
1413 2182 1606 2222 videatur

150 2253 372 2302 librarius,
420 2267 503 2306 quo
542 2266 675 2292 novae
713 2251 878 2293 fabulae
917 2252 1082 2292 initium
1121 2267 1145 2292 a
1182 2267 1291 2293 novo
1332 2253 1604 2306 quaternione

147 2327 277 2374 fieret,
317 2325 418 2365 illud
456 2323 645 2365 consulto
685 2323 904 2377 aliquoties
942 2322 1193 2372 instituisse,
1232 2331 1276 2364 ut
1315 2324 1379 2364 vel
1418 2324 1604 2365 ternione

148 2399 212 2440 vel
243 2392 410 2439 binione
442 2397 597 2438 exitum
627 2396 915 2452 praecedentis
946 2395 1110 2436 fabulae
1142 2395 1426 2436 concluderet:
1470 2410 1603 2449 quan-

148 2470 301 2512 tumvis
319 2469 360 2510 in
380 2468 673 2524 superstitibus
694 2467 968 2508 Ambrosiani
988 2466 1179 2521 partibus
1201 2466 1396 2507 omnibus
1414 2466 1603 2521 (praeter

147 2557 278 2583 unum
315 2539 448 2582 Stichi
486 2539 743 2594 exemplum,
783 2537 901 2579 euius
941 2536 1195 2591 singularem
1231 2535 1435 2576 rationem
1472 2537 1602 2591 praef.

147 2628 187 2670 p.
219 2625 302 2653 VIII
331 2611 650 2667 explicavimus)
681 2620 877 2652 constans
908 2610 961 2650 sit
990 2610 1312 2663 quaternionum
1341 2624 1455 2649 usus.

255 2684 307 2726 In
338 2692 507 2725 actuum
536 2683 815 2738 descriptione
844 2697 928 2722 non
956 2681 1102 2737 putavi
1132 2696 1157 2722 a
1185 2679 1389 2721 tralaticia
1426 2694 1602 2721 consue-

149 2756 292 2798 tudine
322 2755 602 2797 recedendum
631 2770 735 2796 esse.
767 2753 888 2807 Quae
919 2768 1161 2808 quanquam
1190 2751 1316 2793 habet
1345 2767 1444 2793 sane
1474 2766 1602 2806 quae-

151 2827 248 2869 dam
286 2827 573 2875 incommoda,
613 2834 751 2867 tamen
789 2826 890 2868 haee
919 2824 1076 2866 leviora
1106 2823 1197 2865 visa
1227 2829 1320 2865 sunt
1350 2837 1450 2878 prae
1480 2822 1604 2877 longe
